3374 5930
326 609 402 686 454
898 629 1081 687 uomens

324 808 428 868 titulos
449 825 541 888 supra
562 801 727 868 recensitos
749 807 809 868 ino
825 808 972 870 secundus
993 813 1023 868 et
1045 815 1149 870 sextus
1159 807 1189 886 ¹)
1211 807 1349 886 ingenuis
1362 803 1505 865 Romanis
1526 797 1579 865 olis
1593 820 1636 861 rc·

324 911 464 972 cabulum
491 911 676 986 adscribant,
705 913 853 972 libertinis
881 912 979 972 solum
1002 914 1181 990 genetivum.
1224 910 1262 970 Id
1283 911 1394 970 factum
1415 917 1462 970 est
1485 915 1636 985 propterea,

324 1016 404 1092 quod
426 1015 563 1074 vocabuli
585 1007 643 1077 viic
665 1014 792 1074 adiectio
810 1016 957 1096 ¹honorem
980 1025 1083 1092 auget,
1108 1014 1265 1075 libertinae
1286 1012 1469 1073 condicionis
1489 1009 1635 1070 enuntiatio
1675 1017 1676 1088 ξ

323 1119 474 1178 hominem
501 1127 534 1177 ut
559 1137 577 1176 a
602 1119 713 1190 servis,
742 1119 785 1177 ita
811 1117 849 1178 ab
875 1118 1015 1195 ingenuis
1041 1136 1161 1196 quoqne
1187 1135 1360 1188 secernens,
1386 1115 1484 1192 magis
1509 1133 1571 1172 eum
1592 1111 1635 1170 mi
1675 1107 1676 1176 ζ

324 1221 402 1294 ιιιιίι,
429 1239 494 1279 cum
516 1221 690 1296 praesertim
713 1220 791 1298 apud
814 1218 949 1280 Graecos
971 1221 1095 1298 ingenui
1116 1239 1235 1298 quoque
1256 1227 1372 1298 patrem
1395 1217 1545 1278 enuntient
1568 1214 1634 1273 uuio
1675 1203 1676 1206 '

324 1323 471 1402 genetivo.
508 1323 678 1402 Eepropter
699 1325 730 1383 iu
752 1323 848 1382 titulis
864 1322 980 1384 Graece
1002 1324 1122 1402 scriptis
1144 1324 1197 1400 qui
1219 1323 1412 1382 inveniuntur
1432 1322 1511 1380 cives
1524 1317 1635 1378 Romani

325 1427 466 1488 adiuncto
488 1427 656 1486 adnomen
678 1426 815 1504 genetivo
838 1427 905 1486 solo
927 1445 1108 1505 quamquam
1130 1433 1262 1506 possunt
1282 1443 1352 1486 esse
1371 1444 1410 1484 ex
1428 1423 1568 1503 ingenuis,
1586 1421 1635 1480 ior·
1675 1481 1676 1514 ἰ

324 1539 407 1591 tasse
429 1529 542 1589 maiore
564 1549 602 1588 ex
624 1537 709 1606 perte
730 1529 862 1590 libertini
884 1530 1013 1589 fuerunt.

407 1631 466 1694 Sco
488 1631 672 1692 consuetudo
693 1633 767 1692 haec
789 1650 969 1710 quamquam
991 1633 1118 1694 testibus
1142 1634 1238 1694 titulis
1260 1631 1396 1693 Deliacis
1424 1629 1462 1689 acl
1489 1634 1635 1690 cuneum
1675 1627 1676 1712 l

324 1755 418 1814 nsque
440 1735 522 1795 urbis
546 1736 693 1796 saeculum
717 1735 874 1812 septimum
896 1735 1037 1809 obtinuit,
1064 1737 1101 1796 ed
1127 1736 1321 1814 imperatoria
1346 1745 1482 1812 tempora
1506 1750 1561 1790 non
1580 1749 1636 1808 pen
1675 1731 1676 1794 i

323 1839 412 1898 veuit.
454 1836 617 1898 Caesarum
640 1839 739 1898 liberti
762 1838 877 1900 Graeca
899 1857 959 1899 non
982 1839 1069 1900 aliter
1090 1839 1236 1917 appellari
1257 1845 1423 1917 putuerunt
1443 1845 1531 1913 atque
1549 1832 1635 1912 appel·

320 1941 419 2000 lentur
440 1939 601 2018 Lacine²)‚
624 1952 654 2000 et
675 1943 764 2000 etiam
785 1941 816 2000 in
837 1942 1021 2018 privatorum
1044 1942 1160 2002 libertis
1183 1943 1234 2019 qui
1256 1942 1412 2001 Romam
1434 1957 1484 2000 res
1505 1947 1562 1998 tam
1581 1952 1632 1994 mo·

322 2045 502 2104 derabautur
524 2063 625 2103 curam
648 2045 745 2121 egisse
769 2043 919 2116 videntur,
948 2063 986 2103 ne
1006 2045 1136 2104 libertini
1164 2045 1294 2104 laterent
1319 2045 1376 2102 sub
1402 2041 1529 2101 nominis
1553 2040 1634 2098 forms
1675 2033 1676 2126 l

323 2147 404 2224 apud
421 2145 556 2207 Graecos
570 2147 714 2226 ingenuos
731 2153 881 2224 usurpata.
914 2145 1004 2207 Certe
1025 2147 1057 2206 in
1076 2147 1167 2207 titolis
1188 2147 1254 2207 eins
1275 2147 1384 2205 aeistis
1401 2143 1518 2206 Graece
1531 2141 1632 2219 scriptia
1675 2135 1676 2220 l

322 2269 501 2327 quamquam
523 2249 654 2308 libertini
675 2267 758 2310 more
779 2249 869 2327 plane
883 2249 1020 2310 Romano
1042 2250 1206 2328 nuncupati
1227 2269 1288 2309 non
1311 2247 1470 2308 minoium
1484 2248 1633 2324 frequenter

326 2351 551 2430 reperiuntur³)
574 2361 604 2412 et
624 2351 785 2412 molestum
806 2339 1040 2412 additamentum
1063 2353 1093 2410 iu
1110 2351 1237 2412 Graecia
1260 2353 1358 2412 titulis
1377 2348 1632 2428 plernmqncomit·

321 2457 402 2527 titur,
431 2454 623 2514 nihilominus
649 2457 767 2532 patroni
794 2455 867 2514 civis
890 2455 1017 2515 Romani
1044 2475 1096 2532 per
1117 2455 1287 2532 genetivum
1310 2455 1411 2514 solum
1432 2454 1564 2530 expressi
1582 2469 1632 2510 cer·
1675 2451 1676 2544 l

321 2567 398 2631 tum,
428 2557 508 2634 quod
537 2557 574 2616 ed
601 2557 677 2615 hanc
704 2565 830 2616 aetatem
858 2559 1015 2634 pertineat,
1050 2557 1219 2636 exemplum
1247 2557 1363 2617 nullum
1388 2557 1516 2634 repperi.
1566 2553 1631 2613 Nam
1675 2547 1676 2622 l

316 2652 437 2720 ’latiisve
456 2652 645 2724 Διαδουμινδς
660 2650 778 2718 Ἰουλίου
794 2650 982 2738 Κουαδρᾶτου
1005 2651 1204 2741 ἀπελεύθερος
1227 2660 1304 2719 tituli
1320 2659 1523 2719 Messanensis
1543 2657 1630 2732 (iuter.

322 2763 428 2824 Graec.
452 2762 522 2821 Ital.
544 2773 575 2822 et
596 2761 655 2822 Sic.
679 2761 753 2839 408)
780 2780 959 2838 quemquam
981 2763 1046 2822 sine
1072 2762 1160 2822 dubio
1186 2761 1266 2821 idem
1288 2771 1334 2822 est
1355 2771 1446 2840 atque
1465 2749 1630 2826 Amicoomic

321 2851 416 2924 Αὔλου
430 2857 547 2922 ’leoiioo
562 2854 748 2944 licocipc'noo
771 2863 848 2922 tituli
864 2864 1042 2943 Pergameni
1066 2865 1195 2924 nondum
1214 2865 1289 2925 editi
1305 2883 1423 2924 mecum
1438 2884 1457 2922 a
1470 2859 1628 2923 Fraenlelio

319 2967 537 3038 communicati,
560 2967 634 3025 nihil
657 2967 755 3026 obstat
772 2967 932 3042 quominus
954 2967 1033 3026 hune
1055 2969 1193 3027 statuerit
1213 2967 1367 3026 etiamtum
1390 2985 1505 3026 seruus.

402 3070 527 3146 Egimus
548 3069 584 3128 de
607 3069 717 3128 civium
739 3069 943 3128 Romanorum
967 3070 1046 3146 apud
1062 3068 1197 3130 Graecos
1219 3069 1435 3148 appellatione,
1460 3068 1564 3130 Graeci
1581 3063 1627 3142 ipsi

318 3171 467 3250 quomodo
486 3171 609 3232 nomina
625 3171 764 3246 forment,
780 3171 973 3250 explicabunt
988 3171 1148 3252 aliquando
1164 3173 1202 3232 sd
1217 3189 1292 3250 quoa
1308 3191 1344 3230 ea
1358 3190 1409 3232 res
1421 3173 1554 3250 pertinet,
1573 3187 1626 3227 usn

318 3275 398 3353 quod
420 3275 512 3334 sciam
535 3273 631 3332 adhuc
652 3292 712 3332 non
733 3275 807 3334 setis
829 3274 1043 3351 explicuerunt.
1081 3273 1149 3334 Hoc
1170 3282 1295 3352 apparet
1317 3275 1468 3334 diversam
1489 3273 1627 3334 admodum
1675 3307 1676 3356 i

318 3379 462 3438 rationem
487 3373 621 3438 Graecos
643 3374 830 3454 Latinosque
854 3377 885 3436 in
906 3377 1076 3438 nominibus
1103 3377 1266 3438 formandis
1288 3386 1406 3438 secutus
1430 3395 1508 3450 esse,
1533 3375 1628 3436 scilieet
1675 3357 1676 3444 J

319 3489 351 3540 ιιι
375 3499 433 3540 unc
456 3481 546 3540 verbo
571 3478 682 3552 dicam,
708 3479 863 3540 Romanos
887 3498 988 3540 curam
1011 3481 1124 3560 egisse,
1152 3489 1184 3539 ut
1210 3481 1363 3540 hominnm
1389 3479 1522 3540 condicio
1546 3476 1626 3538 celis

317 3582 539 3660 intellegeretur
565 3599 603 3640 ex
629 3581 697 3659 ipso
725 3583 845 3642 nomine
872 3584 959 3662 plene
987 3584 1155 3658 enuntiato,
1183 3583 1266 3660 apud
1293 3582 1429 3644 Graecos
1455 3601 1472 3642 e
1497 3580 1627 3641 cononis
1675 3561 1676 3618 l

318 3703 383 3743 enm
405 3683 474 3744 iude
496 3685 620 3764 agnosci
643 3704 702 3744 non
725 3687 872 3764 potuisse,
898 3687 1030 3746 fortasse
1052 3685 1128 3745 adeo
1150 3685 1181 3744 id
1203 3705 1256 3746 eos
1277 3686 1392 3763 egisse,
1416 3705 1454 3746 ne
1474 3683 1538 3744 inis
1557 3693 1627 3761 pate·

317 3795 370 3847 ret.
414 3785 576 3848 Servorum
599 3787 745 3847 vocabula
769 3796 895 3867 utraque
921 3789 1003 3848 ustio
1026 3788 1146 3849 differre
1171 3787 1268 3847 voluit
1294 3787 1431 3864 reditque
1457 3787 1568 3848 omuino
1593 3781 1626 3840 ad
1675 3791 1676 3884 ι

315 3889 443 3950 radicem
466 3889 600 3962 eandem,
623 3891 703 3966 quod
720 3888 829 3950 Graeci
850 3892 971 3950 nomina
993 3891 1115 3950 servilia
1136 3899 1327 3968 sumpserunt
1348 3911 1368 3950 s
1390 3889 1538 3951 vocabulis
1556 3904 1627 3965 pere
1675 3885 1676 3934 l

315 3993 408 4072 guinis
433 3991 538 4066 Getae,
560 3992 664 4065 Manii,
690 3991 790 4052 Midae
812 3993 1068 4072 similibusque⁴),
1096 3993 1227 4054 Romani
1250 4001 1351 4053 eutem
1373 3993 1507 4064 libertos,
1531 3989 1626 4050 scilicet

315 4113 419 4154 servos
441 4103 470 4154 et
491 4094 583 4172 ipsos,
609 4091 802 4155 Graecanicis
823 4096 896 4156 solis
919 4095 1144 4175 cognominibus
1162 4097 1204 4156 uti
1219 4095 1394 4168 voluerunt3
1417 4095 1511 4174 spirat
1524 4108 1626 4153 escon·

314 4197 440 4257 suetudo
461 4197 575 4274 origine
598 4214 653 4256 suu
675 4205 810 4274 tempora
832 4197 1043 4276 praedatorum
1065 4199 1290 4258 Antistinorum
1313 4205 1344 4257 et
1366 4198 1509 4258 sacrificia
1529 4199 1626 4270 Argeo·
1675 4207 1676 4260 ὲ

314 4319 393 4372 rum,
420 4300 451 4358 id
478 4310 524 4360 est
545 4299 736 4377 Argivorum·
781 4297 841 4362 Sed
871 4308 976 4361 neutra
1003 4301 1086 4360 natio
1113 4301 1156 4361 ita
1182 4301 1220 4361 ad
1246 4308 1358 4360 certum
1386 4301 1482 4378 legem
1509 4293 1625 4377 peruenit
1675 4303 1676 4370 ξ

392 4511 415 4574 ¹)
444 4511 607 4578 Quamquam
627 4513 669 4579 qui
689 4513 726 4563 ibi
745 4515 834 4579 quinto
854 4515 912 4565 loco
933 4516 1082 4566 nominatur
1101 4521 1185 4566 utrum
1210 4515 1336 4581 ingenuus
1359 4514 1438 4566 fuerit
1459 4527 1492 4566 au
1509 4509 1623 4564 libertinus
1675 4469 1676 4552 l

312 4603 418 4654 dubium
439 4612 492 4666 est3
512 4619 570 4656 uam
592 4605 651 4656 huic
670 4605 816 4658 condicioni
836 4621 980 4672 cognomen
998 4608 1085 4659 Flacci
1104 4622 1196 4674 parum
1215 4609 1342 4660 convenit.
1675 4635 1676 4646 ι

388 4695 413 4758 ²)
443 4696 554 4748 Athenis
574 4695 614 4758 (G.
630 4698 651 4748 1.
662 4699 718 4748 Ati.
731 4699 782 4760 ΙΙΙ,
800 4699 892 4761 1434):
912 4692 1053 4772 Ἀρχίβιος
1066 4693 1201 4768 Πειραιεὺς
1213 4693 1344 4768 Καίσαρος
1356 4697 1420 4750 θεοῦ
1433 4691 1560 4760 iriensi
1570 4685 1622 4742 s'sr·
1675 4677 1676 4742 Ῐ

310 4776 443 4856 λιῦθιρος.
482 4789 821 4852 Romae(lnacr.Gr.Ital.
842 4791 1050 4855 cistellam:
1071 4790 1180 4844 Tulit.
1200 4787 1303 4859 Ὀψίμῳ
1325 4786 1497 4842 a‘mmisie.
1527 4783 1621 4850 Nespei

312 4881 339 4944 (l.
353 4899 374 4933 c.
395 4881 476 4944 720:
515 4881 553 4931 Μ.
574 4869 698 4944 Κοκκῆϊος
717 4879 876 4947 Σι[βαστοιῖ]
897 4873 1068 4954 insisti-‘inpos
1089 4883 1203 4936 liat...
1243 4886 1345 4940 Similia
1365 4883 1482 4950 exempla
1499 4879 1621 4934 abundaui-
1675 4895 1676 4924 ι

388 4971 412 5035 ³)
443 4973 554 5023 Athenis
574 4973 614 5034 (c.
628 4975 649 5023 1.
664 4974 719 5024 att.
733 4975 784 5037 111,
802 4975 871 5025 1437
887 4995 920 5017 =
936 4975 965 5026 c.
979 4977 1001 5027 1.
1014 4977 1045 5027 u.
1059 4977 1102 5028 111
1115 4979 1143 5040 s,
1161 4976 1258 5039 taos»
1281 4975 1312 5027 Ρ.
1328 4977 1429 5027 staro
1445 4974 1476 5026 Ρ.
1493 4974 1511 5026 ι.
1528 4971 1621 5036 supe

311 5052 429 5121 Πὸπλισς
445 5053 547 5120 'Arrace
567 5059 686 5113 Ποπλίου
706 5053 879 5134 ἀπιλιιῖθερος
897 5055 1019 5136 Σᾶτυρος.
1058 5069 1173 5121 Puteolis
1197 5069 1284 5131 (inser.
1300 5069 1347 5121 Gr.
1366 5071 1426 5120 lost
1444 5076 1469 5118 et
1486 5067 1535 5120 sic.
1553 5063 1620 5120 856li

309 5150 446 5208 Ὀκταουία
465 5151 543 5204 Γαίου
560 5148 722 5224 ἐπιλιυθιρα
742 5155 891 5226 ΟΙιιοιιμίνη,
916 5157 1051 5224 Πούβλιις
1070 5151 1210 5220 §culcitas
1229 5155 1364 5224 ΙΙιιβλίιυ
1383 5157 1548 5228 danielisque
1563 5152 1622 5204 ΒΜ·
1675 5197 1676 5248 p

304 5245 378 5304 ere'c.
417 5249 498 5300 Plura
516 5248 645 5299 cumulare
664 5251 744 5300 nolui.
1675 5249 1676 5252 ’

386 5337 410 5398 ⁴)
438 5337 532 5390 Strabo
553 5339 578 5399 ⁷,
592 5339 617 5402 3,
634 5340 667 5388 12
687 5355 712 5406 p.
727 5340 789 5391 305.
