3470 5932
331 653 406 728 466
905 675 1087 732 noussen

1474 777 1648 790 -ιῌ

330 851 361 908 iu
380 870 418 908 ea
436 852 590 928 provincia
604 853 802 914 consistentes
818 863 952 912 recenset
966 853 1006 910 ΙΙ
1021 853 1163 912 Thracum
1174 853 1337 930 dupustam
1347 852 1456 929 p(iam)
1465 853 1608 928 Jiidclem)
1633 853 1653 928 ).

331 954 488 1030 Augustae
510 955 655 1014 vocabulo
677 965 746 1014 ante
771 975 925 1014 numerum
953 955 1100 1014 collocato
1130 956 1222 1014 utitur
1249 957 1339 1014 etiam
1365 955 1395 1014 iu
1422 955 1518 1014 titulis
1540 952 1655 1014 0.1.L.

332 1052 388 1127 Vl,
413 1055 527 1116 16250.
557 1057 645 1132 VIII,
669 1058 759 1118 9358.

414 1159 544 1218 Militum
567 1161 690 1220 nomina
710 1161 876 1239 perscripta
895 1161 997 1220 haberi
1014 1161 1093 1238 apud
1108 1160 1198 1219 duces
1221 1161 1351 1220 breuibus
1373 1161 1420 1218 vel
1443 1161 1590 1220 breviculis
1612 1161 1655 1236 qui

333 1261 470 1320 dicuntur
492 1271 638 1322 testantur
660 1263 845 1341 biographus
862 1263 1029 1322 Alexandri
1053 1283 1078 1322 c.
1095 1263 1148 1320 21:
1172 1265 1276 1322 milites
1298 1283 1365 1323 suos
1387 1267 1430 1322 sic
1451 1265 1551 1340 ubique
1571 1267 1653 1330 scirit,

332 1368 412 1422 utin
434 1365 562 1424 cubiculo
585 1367 698 1424 labara
720 1367 815 1424 breues
837 1375 1028 1424 strumarum
1050 1376 1076 1424 et
1099 1377 1227 1440 temporo
1252 1366 1423 1424 militantum
1448 1363 1651 1441 [conduentesi]

333 1476 363 1524 et
383 1465 510 1525 Rufinus
532 1469 599 1526 adv.
621 1467 745 1527 Hieron.
769 1467 797 1541 2,
821 1468 876 1527 36:
904 1472 931 1524 ai
952 1473 1002 1544 qui
1022 1479 1137 1544 accepto
1159 1465 1314 1539 breviculo,
1343 1473 1374 1526 in
1393 1487 1449 1544 quo
1470 1469 1585 1526 urilinua
1608 1485 1652 1523 no-

333 1572 409 1626 mina
432 1573 615 1642 continentur,
636 1574 745 1629 nitatur
765 1574 913 1646 inspicere,
937 1576 1040 1646 quanti
1060 1591 1094 1628 aa
1107 1572 1246 1630 militibus
1260 1575 1413 1648 supersint,
1435 1573 1535 1646 manti
1547 1573 1574 1626 in
1589 1569 1652 1626 bellu

334 1674 482 1731 ceciderint
502 1682 528 1732 et
549 1677 695 1750 requirens
718 1677 766 1750 qui
788 1677 927 1750 inspicere
948 1677 1052 1731 missus
1074 1683 1115 1732 est
1125 1678 1278 1750 propriam
1292 1685 1406 1732 nomm.
1421 1716 1449 1730 ..
1473 1674 1551 1730 ead
1564 1675 1652 1729 unius·

336 1777 470 1850 cuiusque
496 1777 619 1852 dej'uncti
643 1795 741 1834 nomen
768 1777 913 1834 adscribat
940 1785 965 1834 et
988 1779 1112 1852 propria
1138 1795 1241 1834 mersus
1267 1785 1336 1834 nota
1362 1779 1537 1852 superstites
1561 1777 1650 1848 siqua.

335 1874 479 1953 Vegetius
502 1897 567 1936 cum
591 1879 670 1936 idem
692 1879 867 1937 vocabulum
890 1878 996 1936 latiore
1020 1877 1237 1956 significatione
1257 1889 1384 1955 usurpet
1402 1877 1446 1952 (2,
1469 1877 1522 1936 19:
1545 1876 1651 1934 cotidia-

335 1997 389 2036 nus
412 2021 440 2036 ..
458 2025 464 2038 .
480 1980 595 2056 cipilias
618 1984 816 2040 ...vicissim
837 1981 937 2038 milites
953 1983 1069 2056 facium
1090 2023 1097 2037 .
1115 2025 1122 2038 .
1139 1985 1277 2040 ‚nomina
1299 1999 1393 2038 eorum
1420 1983 1470 2056 qui
1495 1983 1565 2038 sices
1592 1995 1651 2036 suas

329 2083 461 2156 secarunt
482 2083 611 2141 brevibus
633 2087 796 2142 insuantur
801 2106 813 2154 ;
834 2085 948 2160 quando
971 2087 1021 2160 qui
1041 2095 1220 2143 commeatum
1241 2087 1383 2160 acceperit
1401 2083 1446 2141 eal
1464 2091 1535 2158 quot
1547 2081 1651 2143 crema

336 2185 489 2244 adnotatur
510 2189 540 2243 in
562 2186 718 2262 breuibus),
746 2187 872 2244 indicem
896 2185 1023 2244 militum
1048 2187 1091 2244 sic
1112 2193 1143 2244 ut
1165 2185 1379 2244 adnumerum
1402 2191 1590 2244 accesserunt
1614 2182 1650 2238 iu·

336 2289 468 2346 stitutum
496 2287 680 2346 matriculam
707 2289 840 2366 appellat
867 2288 909 2365 (l,
934 2289 986 2347 26:
1016 2289 1194 2364 producendi
1221 2292 1375 2347 ..tirones
1401 2297 1466 2346 suut
1493 2303 1595 2361 semper
1616 2281 1652 2338 ud

337 2408 466 2466 campum
488 2399 513 2447 at
534 2392 686 2449 secundnm
707 2391 875 2450 matriculae
898 2393 1023 2449 ordinem
1044 2395 1073 2448 in
1095 2395 1184 2450 aciem
1206 2391 1359 2466 diripendi.
1399 2387 1427 2462 2,
1451 2391 1483 2449 5:
1506 2389 1648 2446 uicturum

338 2503 398 2551 cute
415 2495 530 2569 punctis
551 2493 654 2552 milites
676 2498 776 2570 scripti
798 2513 858 2554 curn
880 2495 1039 2552 matriculis
1058 2497 1220 2552 inseruntur
1234 2496 1335 2552 iuuare
1350 2491 1449 2551 solem.
1488 2491 1516 2562 2,
1534 2491 1561 2548 i:
1580 2491 1649 2563 prin·

338 2595 475 2670 cipalium
496 2595 617 2654 militum
640 2601 834 2654 ...momina
855 2615 891 2655 uc
913 2598 1063 2672 dipsitotes
1085 2597 1238 2654 secundum
1256 2605 1422 2672 praesentes
1436 2591 1595 2651 mummulus
1614 2593 1648 2646 ia·

339 2697 454 2773 dicabo)
476 2698 730 2774 memineruntqne
752 2699 965 2756 matricularum
987 2698 1152 2758 militarium
1171 2699 1260 2756 etiam
1277 2697 1509 2756 constitutiones
1527 2691 1574 2769 (C.
1587 2691 1647 2748 Iust-

340 2799 368 2871 6,
397 2797 446 2872 21,
477 2800 538 2877 16).
587 2800 660 2860 Eius
687 2801 861 2860 matriculae
889 2811 1040 2878 tamquam
1068 2800 1307 2876 supplementum
1337 2811 1384 2858 est
1409 2799 1501 2857 iudex
1525 2797 1550 2854 is
1574 2811 1647 2870 quem

339 2912 487 2975 tenemus,
516 2904 631 2962 scilicet
651 2903 843 2980 proficiscens
867 2923 885 2961 a
906 2911 986 2962 statu
1008 2903 1140 2962 cohortis
1168 2902 1218 2978 qui
1244 2902 1302 2960 fuit
1328 2902 1359 2960 la.
1382 2900 1445 2960 lau.
1469 2920 1496 2958 a.
1515 2898 1583 2968 156,
1605 2893 1647 2953 sed

338 3005 503 3082 respiciens
526 3005 596 3064 item
620 3007 657 3064 ad
679 3025 746 3064 eum
768 3005 819 3082 qui
840 3005 895 3064 fuit
919 3007 950 3064 k.
973 3003 1057 3081 Sept.
1084 3005 1154 3064 anni
1180 3003 1402 3082 praecedentis,
1429 3011 1563 3062 recenset
1585 2997 1646 3058 mili·

340 3117 385 3166 tes
407 3108 457 3183 qui
485 3119 675 3167 accesserunt
699 3107 736 3166 ad
764 3127 894 3168 mensem
916 3108 1029 3166 Maium
1055 3125 1149 3185 usquc
1176 3107 1246 3166 auui
1273 3107 1372 3177 illius3
1401 3105 1465 3164 dies
1493 3103 1567 3164 euim
1591 3117 1645 3178 pot·

339 3217 452 3268 tremus
479 3209 529 3286 qui
555 3211 724 3270 nominatur
750 3221 798 3270 est
819 3211 846 3283 I,
874 3211 912 3270 35
941 3229 1076 3270 ..nonas
1103 3210 1212 3269 Maias.
1263 3208 1512 3284 Quadiimenstre
1539 3218 1644 3280 tempus

340 3311 419 3388 quod
446 3313 488 3370 ita
514 3311 707 3390 significatur,
735 3313 844 3390 pendet
870 3313 991 3370 omuino
1019 3331 1037 3370 a
1064 3311 1212 3389 stipendio
1240 3312 1362 3371 militari
1388 3331 1407 3368 a
1432 3309 1569 3370 Caesaris
1592 3303 1645 3362 inde
1704 3379 1705 3406 ,

341 3425 473 3492 tempore
496 3425 540 3474 ter
561 3417 592 3474 iu
614 3435 693 3474 anno
715 3423 869 3474 numerato
892 3415 1080 3491 (Marqnardt
1101 3413 1219 3474 Handb.
1235 3413 1264 3487 6,
1287 3414 1353 3491 96),
1376 3413 1489 3472 scilicet
1508 3413 1538 3471 la.
1552 3411 1606 3468 lau.
1623 3417 1644 3460 et
1704 3407 1705 3485 l

340 3517 370 3574 k.
400 3517 471 3574 Mai.
498 3527 527 3575 et
554 3519 585 3575 ir.
616 3516 697 3596 Sept.
755 3521 781 3575 A
809 3517 948 3594 stipendii
975 3517 1204 3594 quadrimenstri
1232 3517 1381 3576 solutione
1408 3515 1537 3593 pendent
1561 3524 1644 3570 rursus

341 3619 520 3678 tributorum
542 3619 692 3678 illationes
715 3639 769 3696 per
790 3637 906 3679 menses
928 3629 1087 3696 quaternos
1109 3617 1161 3694 (C.
1177 3619 1234 3678 Th.
1254 3621 1302 3692 11,
1327 3621 1353 3692 1,
1376 3620 1413 3677 15
1436 3619 1535 3694 ibique
1552 3612 1645 3674 Gotho-

340 3721 456 3796 iredus)
482 3729 512 3781 et
537 3723 777 3798 quadrimenstrui
802 3723 895 3781 breves
924 3720 973 3797 (C.
1002 3722 1058 3780 Th.
1090 3723 1141 3794 11,
1170 3719 1222 3798 25)
1253 3739 1319 3780 cum
1349 3721 1523 3799 erogatione
1548 3711 1646 3776 militari

342 3825 490 3884 coniuncti
516 3825 604 3884 etiam
634 3845 669 3884 ea
696 3835 807 3896 aetate,
838 3844 898 3901 qua
923 3825 953 3883 in
980 3844 1012 3882 re
1040 3824 1161 3882 militari
1188 3843 1308 3883 annona
1334 3824 1480 3900 pecuniae
1509 3817 1647 3880 substituta
1703 3873 1704 3878 ,

342 3935 403 3984 tres
425 3929 644 3986 numerationes
666 3929 737 3988 illae
759 3927 970 4004 stipendiariae
991 3927 1056 3985 lieri
1077 3927 1236 3986 desierant.
1390 3963 1397 3991 ,

425 4029 474 4088 De
495 4029 635 4089 universa
657 4031 843 4090 ordinatione
865 4051 930 4090 cum
953 4029 1078 4106 liqueat,
1106 4030 1136 4088 in
1164 4028 1291 4106 siugulis
1319 4029 1359 4088 ad
1385 4029 1564 4088 coniecturas
1587 4021 1647 4082 redi·

343 4132 448 4208 gimur.
492 4131 621 4190 Indicam
645 4133 771 4192 militum
794 4135 824 4192 in
847 4135 997 4192 cohortem
1020 4131 1243 4209 adsumpturum
1266 4131 1400 4210 incipere
1422 4153 1441 4191 a
1461 4131 1492 4189 k.
1513 4129 1574 4188 lau.
1593 4141 1647 4184 cou-

344 4233 465 4292 sulibus'
483 4233 607 4294 Silvano
629 4245 660 4293 et
673 4236 832 4313 Augurino
854 4235 985 4294 ostendit
1006 4233 1031 4306 1,
1057 4235 1103 4306 19,
1126 4235 1226 4311 itaque
1248 4233 1338 4293 iidem
1361 4234 1500 4293 consules
1522 4231 1546 4302 1,
1568 4227 1647 4286 insu

345 4345 415 4394 sunt
435 4337 574 4414 iungendi
596 4357 663 4396 cam
686 4357 721 4397 eo
743 4338 822 4415 quod
844 4338 996 4416 praecedit
1013 4337 1180 4414 pridianum
1200 4337 1320 4396 coiectis
1339 4341 1442 4396 mauis
1463 4335 1588 4412 Augusti,
1607 4327 1647 4386 sed

344 4439 493 4516 portinent
514 4437 588 4498 haec
610 4439 647 4498 ad
671 4441 824 4499 exordium
849 4450 960 4500 statum
981 4439 1113 4499 cohortis
1133 4439 1286 4498 definiens.
1325 4437 1513 4499 Vocabulum
1533 4433 1597 4494 illud
1615 4431 1647 4490 sic

344 4551 519 4618 usurpatum
541 4561 650 4601 novum
677 4553 736 4616 est3
765 4543 913 4620 signifieat
941 4544 1047 4620 opinor
1073 4541 1258 4602 matriculam
1287 4541 1419 4600 cohortis
1446 4538 1580 4617 stipendii
1603 4531 1647 4592 sol

346 4644 432 4702 vendi
458 4661 547 4703 causa
574 4645 677 4723 quinto
703 4665 821 4723 quoque
849 4664 949 4704 mense
974 4645 1017 4704 ita
1043 4645 1252 4722 perscriptam,
1284 4653 1316 4703 ut
1341 4643 1528 4704 demerentur
1554 4633 1648 4698 dimitti

345 4747 504 4819 mortuina,
531 4748 710 4808 adderentur
731 4749 849 4808 adlecti.
899 4748 947 4806 Ita
968 4747 1095 4828 singulis
1121 4748 1207 4807 aunis
1234 4745 1410 4806 matriculae
1436 4757 1537 4804 ternae
1560 4741 1649 4800 fiebant

345 4851 511 4927 appellatae
541 4861 574 4909 ut
599 4851 715 4909 videtur
739 4853 907 4927 pmdianum
933 4855 1034 4910 mensis
1060 4849 1188 4926 Aprilis,
1212 4851 1383 4926 pridianum
1410 4852 1513 4908 mensis
1539 4843 1649 4920 sauri,

341 4955 513 5032 pridianum
534 4958 636 5012 irensis
658 4953 835 5026 Decembris3
862 4953 1006 5012 habemus
1029 4953 1190 5011 auctarium
1218 4951 1257 5008 ad
1283 4951 1451 5028 pridianum
1479 4949 1585 5008 mensis
1602 4943 1649 5002 De·
1701 4975 1702 5020 p

346 5056 473 5115 cumbris
496 5037 688 5136 adscriptum.
732 5054 835 5117 Status
857 5035 987 5114 cohortis
1010 5055 1089 5132 quod
1112 5073 1172 5114 non
1187 5055 1339 5131 repetitur,
1362 5063 1395 5112 ut
1409 5061 1603 5130 expectamus,
1621 5059 1649 5101 et

347 5193 550 5204 --———-——-

426 5287 448 5350 ¹)
468 5291 562 5354 Legem
582 5303 639 5339 eam
660 5289 774 5338 nondum
799 5289 894 5339 iactam
918 5289 981 5340 iuris
1005 5289 1099 5354 publici
1124 5289 1229 5338 missam
1252 5288 1300 5337 sibi
1325 5303 1341 5336 a
1364 5286 1506 5352 professore
1525 5273 1648 5346 asperiensi

348 5379 443 5432 illeille
463 5387 488 5428 et
506 5380 538 5430 ab
558 5395 589 5431 eo
608 5395 670 5430 mox
689 5381 815 5431 edendam
835 5395 935 5432 mecum
955 5381 1156 5433 communicavit
1174 5381 1259 5432 socius
1277 5385 1364 5432 noster
1383 5377 1495 5432 Reuatus
1514 5375 1610 5442 curun.
