3466 5926
277 582 324 654 38
757 592 913 644 acaunus
931 593 1139 644 ascvnauan

320 797 386 847 ante
408 803 429 845 p
451 788 603 862 plumbum
627 789 765 858 dissiluit;
800 803 877 860 pone
899 801 919 841 a
940 787 1057 844 videtur
1078 801 1101 844 o
1131 789 1225 844 minor
1246 789 1352 868 busse;
1383 793 1518 863 sequitur
1540 793 1632 849 locus

320 894 432 962 laesuS,
468 898 533 962 post
560 907 648 962 quem
676 891 790 948 litterae
818 905 833 946 a
863 891 984 961 vestigia
1014 905 1072 946 non
1100 907 1221 962 prorsus
1250 899 1330 950 certa
1358 901 1510 965 apparent.
1535 923 1582 934 ·—
1609 901 1628 952 3
1721 969 1722 976 ¹

320 1008 405 1051 uano
432 987 534 1070 (prima
557 1010 635 1050 nunc
656 995 759 1050 litteris
780 1007 814 1048 Νι
835 993 956 1050 similior
978 999 1021 1050 est
1043 1009 1132 1065 quam
1153 987 1203 1070 ra).
1225 1025 1267 1034 —
1292 997 1308 1052 1
1332 997 1363 1052 in
1384 997 1523 1069 reliquias
1547 997 1631 1054 bene

321 1097 446 1168 quadrat
473 1111 593 1168 ranan,
631 1097 700 1154 licet
728 1097 853 1166 spatium
882 1094 1011 1152 medium
1040 1097 1138 1168 paullo
1168 1099 1261 1154 maius
1291 1099 1339 1154 sit.
1374 1127 1419 1138 -
1454 1104 1470 1156 5
1500 1114 1630 1157 evolans

322 1203 438 1258 omnino
462 1201 571 1258 clarum
600 1203 645 1254 est
672 1203 837 1255 etcertum.
863 1227 906 1237 -
930 1203 947 1255 6
971 1199 1136 1255 ultimarum
1164 1200 1305 1272 reliquiae
1331 1207 1391 1256 tam
1421 1217 1559 1273 mquam
1582 1218 1629 1258 ars

321 1303 493 1360 admissunt.
528 1330 565 1341 -
590 1300 668 1358 llaec
690 1301 870 1372 Purgoldius.
915 1299 1042 1370 Quibus,
1076 1307 1109 1358 ut
1138 1302 1193 1358 hoc
1215 1303 1334 1366 addam,
1360 1303 1447 1361 lectio
1474 1307 1521 1361 vel
1550 1322 1629 1362 cou-

321 1408 431 1462 iectura
462 1422 479 1460 a
507 1419 554 1460 me
580 1419 639 1460 non
668 1405 731 1459 sine
761 1403 943 1460 dubitatione
973 1406 1122 1476 proposita
1155 1409 1164 1460 l
1196 1398 1328 1480 [lidorum
1356 1413 1384 1462 et
1415 1413 1431 1467 2
1457 1425 1554 1478 corea,
1592 1415 1628 1464 ut

321 1523 430 1566 novum
452 1505 659 1562 adminiculum
681 1521 740 1562 non
754 1506 908 1576 acquisivit
925 1509 963 1562 ita
983 1521 1042 1564 non
1061 1506 1236 1563 excluditur.
1272 1508 1344 1563 Nam
1372 1513 1381 1564 1
1410 1523 1429 1564 τ
1453 1511 1515 1566 lieri
1538 1511 1627 1567 facile

320 1612 431 1684 potuit,
464 1615 497 1666 ut
525 1609 646 1666 fusionis
675 1606 791 1664 deiectu
821 1609 1020 1676 omitteretur,
1054 1615 1083 1664 et
1106 1614 1122 1667 2
1147 1609 1259 1666 litterae
1282 1624 1321 1678 0,
1348 1626 1380 1666 e.
1407 1625 1422 1668 s
1450 1629 1509 1685 quo
1537 1620 1628 1685 pacto

322 1712 442 1786 plumbo
473 1712 552 1768 laeso
582 1712 611 1766 in
641 1711 760 1766 aliarum
791 1713 919 1780 speciem
951 1711 1172 1779 transiormatae
1202 1714 1259 1768 sint
1290 1713 1336 1769 vel
1368 1729 1432 1770 esse
1461 1718 1624 1786 potuerint,

321 1819 415 1887 imago
437 1817 500 1885 ipsa
523 1814 619 1872 dooet.

365 1953 408 2008 De
428 1967 548 2008 aversae
569 1949 687 2022 quidem
709 1952 798 2020 partis
827 1950 952 2007 lectione
974 1955 1086 2007 constat
1112 1967 1147 2006 ex
1170 1965 1200 2008 n.
1216 1955 1271 2020 28,
1304 1952 1359 2007 sed
1385 1953 1455 2024 quid
1477 1956 1508 2009 in
1528 1957 1627 2012 antica

278 2055 365 2112 lateat
385 2055 472 2127 plane
494 2056 637 2110 incertum
665 2058 718 2110 est.
767 2052 835 2108 llibi
863 2055 892 2108 in
919 2059 1045 2108 mentem
1076 2055 1154 2108 venit
1182 2053 1254 2110 baeo
1282 2055 1497 2126 interpretatio,
1534 2073 1626 2127 quam

278 2163 375 2214 tamen
407 2157 491 2214 facile
520 2159 614 2228 patiar
649 2156 762 2212 meliori
799 2155 920 2212 cedere:
961 2149 1101 2231 [tisanam
1132 2149 1243 2232 volreb
1274 2158 1353 2215 malo
1386 2167 1481 2214 tomara
1514 2175 1629 2217 evomes

278 2277 399 2328 omnem,
426 2258 478 2316 ubi
499 2265 599 2316 murus
622 2259 798 2331 significaret
819 2258 945 2326 ltaliam,
971 2262 1047 2315 sicut
1069 2260 1100 2314 in
1127 2261 1271 2317 sociorum
1300 2275 1418 2318 nummo
1448 2276 1628 2330 repraesen-

279 2369 370 2419 tatum
401 2361 532 2418 videmus
554 2365 684 2430 taurum,
718 2363 769 2431 qui
795 2361 894 2432 lupam
925 2354 955 2437 (i.
974 2375 1001 2416 e.
1021 2357 1149 2434 liomam)
1176 2362 1258 2418 humi
1279 2369 1452 2434 prostratam
1474 2365 1628 2422 cornubus

279 2465 346 2522 ierit
379 2456 549 2539 (llommsen
575 2465 751 2521 Mitcawesen
783 2468 862 2521 1866
893 2480 922 2535 p.
944 2453 1031 2536 689).
1078 2463 1135 2520 Sed
1164 2465 1242 2522 malo
1270 2481 1328 2522 non
1350 2467 1436 2524 video
1459 2469 1510 2539 qui
1532 2470 1628 2536 possit

277 2570 347 2626 satis
376 2573 444 2639 apte
473 2567 627 2636 explicari,
663 2571 725 2623 sive
753 2569 952 2638 interpretaris
978 2567 1055 2624 molo
1078 2569 1140 2623 sive
1162 2565 1257 2636 mailo;
1296 2584 1373 2637 nam,
1399 2571 1423 2625 si
1445 2570 1539 2642 milo,
1576 2586 1627 2627 res
1721 2615 1722 2670 ἦ

280 2677 444 2741 comparata
476 2685 551 2741 quae
579 2685 645 2725 esse
671 2671 762 2742 possit
784 2685 842 2726 non
871 2669 956 2726 video
984 2663 1210 2743 (desideraretur
1238 2673 1334 2742 potius
1362 2672 1434 2728 altit
1457 2689 1556 2730 moror
1576 2674 1628 2730 vel

279 2775 373 2830 simile
388 2772 469 2844 quid,
496 2773 541 2828 sin
555 2767 645 2846 radio,
662 2773 711 2828 vix
732 2774 879 2843 acquiesci
901 2777 997 2844 potest
1018 2775 1048 2828 in
1070 2771 1189 2830 talibus:
1221 2773 1347 2830 Taurum
1368 2789 1455 2830 voras
1477 2775 1553 2832 malo
1575 2783 1627 2833 tuo
1721 2827 1722 2834 ,

283 2872 337 2952 (oct
360 2871 533 2951 communi),
559 2875 645 2946 lupa;
679 2876 764 2930 etiam
787 2875 811 2930 si
826 2875 985 2944 voraveris,
1005 2881 1102 2932 tamen
1122 2891 1240 2932 evomes
1261 2892 1388 2934 omnem.
1404 2906 1448 2916 -
1463 2878 1627 2950 Anlegen-
1721 2873 1722 2878 ’

280 2979 349 3036 dum
365 2991 457 3034 mano
474 2979 494 3032 i.
510 2991 538 3032 e.
556 2969 700 3052 malefido,
720 2975 815 3032 edax‘i
852 2978 893 3034 cl.
913 2979 999 3050 Corp.
1013 2977 1072 3036 vol.
1084 2979 1112 3034 X
1129 2982 1209 3036 3821
1234 2972 1367 3056 ma(n]do
1388 2971 1416 3052 (a
1430 2976 1621 3058 mandando).

365 3079 530 3150 Exemplari
552 3077 697 3136 Asculano
720 3077 829 3136 abusus
844 3081 1048 3138 Vincenzinius
1071 3083 1287 3152 inscriptionem
1309 3081 1366 3139 sibi
1388 3083 1498 3139 effinxit
1520 3091 1550 3140 et
1572 3100 1628 3140 en-

279 3183 359 3241 oudit
390 3183 482 3239 hanc:
532 3190 593 3239 taor
630 3173 690 3258 (aut
723 3173 810 3258 tocco)
834 3173 839 3259 Ι
863 3175 1012 3258 cetomeal
1040 3201 1134 3240 ..er..
1175 3176 1342 3259 {novissime
1375 3179 1500 3261 bercia).
1559 3186 1626 3257 lpse

280 3285 436 3344 Gabriellio
458 3288 488 3341 in
511 3299 612 3341 museo
635 3284 706 3340 dixit
727 3286 768 3340 sio
790 3291 911 3340 octomea
932 3284 989 3341 sibi
1011 3285 1105 3341 videri
1127 3285 1283 3357 legendum
1305 3301 1388 3354 esse;
1414 3289 1452 3343 oi.
1470 3287 1570 3344 falsas.

277 3482 322 3550 30
339 3484 393 3566 [=
407 3490 494 3559 Corp.
514 3489 554 3544 lX
577 3505 607 3544 n.
628 3495 722 3557 6086,
740 3482 809 3564 xxx]
852 3493 946 3560 trop.
966 3491 995 3545 in
1011 3489 1172 3546 Castellano
1199 3486 1238 3564 [in
1261 3506 1363 3549 museo
1378 3489 1523 3548 Asculano
1542 3496 1617 3550 1811

366 3610 396 3648 n.
418 3585 526 3667 leoli.
572 3591 682 3647 Pendet
706 3597 743 3648 60
768 3608 811 3662 gr.

324 3701 339 3752 2
358 3700 388 3750 et
404 3699 420 3752 3
440 3687 490 3769 [ab
506 3694 671 3750 Lazzarinio
687 3694 840 3764 acquisivit
854 3710 883 3749 a.
898 3697 976 3754 1812
995 3709 1128 3751 museum
1139 3693 1315 3751 Asculanum
1331 3711 1360 3750 n.
1377 3698 1455 3754 1169
1469 3703 1499 3751 et
1514 3691 1620 3772 1151].
1721 3653 1722 3710 A

365 3797 496 3854 Pendont
519 3802 556 3854 62
581 3813 638 3868 gr„
667 3799 704 3852 61
729 3811 773 3867 gr.

326 3905 342 3958 1
366 3902 395 3956 in
419 3899 581 3956 Castellano
603 3913 665 3968 rep.
696 3891 735 3972 [in
758 3913 859 3955 museo
881 3897 1025 3956 Asculano
1053 3902 1127 3955 1811
1156 3913 1186 3953 n.
1208 3893 1315 3974 litai.
1362 3899 1470 3956 Pendet
1494 3905 1531 3957 66
1556 3917 1600 3971 gr.

324 4008 340 4060 6
368 3995 410 4077 [in
432 4015 533 4057 museo
556 3999 699 4056 Asculano
726 4005 804 4057 1868
829 4017 858 4056 n.
888 3993 974 4075 ⁶7⁶]·
1022 4001 1131 4057 Pendet
1155 4003 1195 4058 61
1218 4017 1262 4072 gr.

324 4111 340 4162 6
364 4120 428 4175 rep.
447 4104 478 4158 in
500 4101 658 4159 castellano
684 4096 726 4177 [in
746 4117 849 4159 museo
872 4101 1015 4160 Asculano
1042 4107 1122 4160 1810
1146 4119 1175 4158 n.
1197 4096 1284 4178 896].
1330 4103 1439 4160 Pendet
1462 4108 1501 4161 66
1525 4121 1569 4177 gr.

324 4212 341 4264 1
368 4201 410 4283 [in
432 4219 533 4262 museo
556 4204 742 4262 liircheriano
765 4221 795 4261 n.
823 4199 910 4281 263].

325 4315 340 4365 8
370 4301 410 4382 [in
432 4322 535 4363 museo
558 4305 746 4365 Kiroberiano
768 4323 799 4363 n.
827 4301 912 4383 2621.

325 4403 407 4484 illia
436 4424 537 4467 museo
563 4409 752 4480 Neapolitano
780 4426 810 4466 n.
837 4415 871 4467 11
894 4431 936 4458 =
953 4403 1040 4484 219].
1088 4411 1196 4467 Pendet
1231 4416 1269 4469 66
1294 4427 1336 4484 gr.
1389 4409 1531 4481 Robigine
1559 4410 1623 4467 alba

366 4511 494 4569 obducta
517 4517 571 4568 est.

304 4619 340 4672 16
369 4608 410 4690 [in
432 4629 532 4672 museo
554 4610 753 4688 Bononiensi].
801 4614 909 4671 Pendet
934 4617 971 4672 61
995 4631 1040 4686 gr.

305 4721 336 4772 11
369 4711 410 4792 [in
432 4732 533 4775 museo
555 4715 760 4774 Wiesbadensi
783 4734 813 4773 n.
841 4721 940 4786 1808,
968 4723 1063 4788 empta
1085 4733 1113 4772 a.
1136 4721 1214 4775 1812
1239 4717 1276 4773 ab
1300 4717 1443 4788 lheringio
1464 4719 1624 4788 Mogontia-

366 4821 447 4876 censi
469 4836 536 4877 cum
559 4819 638 4876 salsis
663 4815 779 4878 76*1-r
805 4827 833 4876 et
858 4813 940 4894 al*].
988 4819 1126 4888 Robigine
1149 4818 1271 4876 subalba
1295 4818 1410 4877 obtecta
1433 4825 1487 4875 est.

709 5028 830 5070 orares
855 5023 903 5071 aut
923 5007 950 5090 (6
968 5021 997 5072 et
1013 5008 1041 5091 7)
1069 5030 1200 5072 ornnem
