3374 5930
312 611 384 692 392
888 633 1069 690 nouusns

1443 735 1649 746 -ι

315 811 536 893 provinciarum
560 831 613 873 eae
635 812 773 872 civitates
797 823 874 887 sunt,
899 814 937 872 sb
960 832 994 872 eo
1018 813 1023 892 1
1047 814 1098 889 qui
1120 811 1302 892 praesidebit
1324 809 1508 890 provinciae
1531 829 1585 888 op·
1637 827 1656 866 u

312 926 479 989 serventur,
509 923 672 976 ceterarum
697 927 797 976 autem
818 916 945 976 iuridico
966 917 1015 976 vel
1036 917 1169 975 curatori
1195 915 1370 994 provinciae
1392 914 1444 973 rel
1469 913 1586 972 classis

314 1019 485 1097 praetoriae
507 1019 659 1096 praelecto
676 1019 723 1078 vel
745 1019 931 1097 procuratori
955 1021 960 1097 Ι
984 1038 1193 1078 maxumorum
1212 1020 1394 1096 principum,
1415 1018 1464 1076 uti
1480 1017 1586 1074 cnius-
1636 1033 1654 1072 u

313 1140 371 1199 que
398 1121 532 1180 civitatis
562 1129 754 1199 potestasque
781 1123 821 1182 ibi
849 1123 946 1199 prima
973 1123 1037 1181 erit.
1082 1124 1183 1198 Atque
1210 1123 1252 1181 ita
1278 1121 1452 1180 rationibus
1478 1121 1584 1178 decem

315 1233 517 1284 retroversum
541 1243 686 1284 annorum
708 1226 862 1302 inspectis,
885 1226 1030 1302 exemplis
1055 1226 1060 1302 Ι
1084 1244 1239 1283 munerum
1261 1225 1292 1282 in
1312 1242 1433 1300 quaque
1458 1223 1585 1281 civitate
1634 1223 1672 1278 rr*

314 1326 488 1403 edito[rum]
512 1327 719 1398 consideratis,
741 1337 955 1386 conserventur
977 1328 1014 1386 ab
1029 1346 1075 1398 eo,
1098 1328 1181 1388 euius
1203 1328 1360 1386 arbitrium
1383 1327 1443 1385 erit
1467 1327 1508 1384 de
1531 1325 1583 1384 tri·

316 1431 372 1490 bus
394 1431 502 1507 pretis:
528 1430 584 1500 vel,
608 1431 635 1488 si
657 1431 764 1489 melius
786 1432 813 1488 ei
829 1430 987 1504 videbitur,
1012 1433 1016 1508 Ι
1042 1449 1079 1488 ex
1102 1430 1246 1489 eomodo
1268 1448 1358 1506 quem
1380 1429 1583 1505 persequitur
1636 1447 1655 1484 :a

317 1531 454 1607 ellici[a]t
476 1539 505 1590 et
527 1532 672 1590 trifariam
694 1533 791 1611 pretia
813 1532 997 1592 deducantur
1017 1551 1112 1609 eaque
1133 1534 1231 1591 forma
1252 1534 1342 1590 etiam
1365 1532 1397 1590 in
1419 1541 1584 1609 posterum

319 1643 462 1694 servetur.
497 1631 658 1710 Seiantque
675 1636 759 1712 v(iri)
781 1635 981 1711 o(larissimi),
1004 1637 1056 1711 qui
1078 1635 1283 1712 proconisules
1305 1635 1396 1712 paulo
1414 1642 1489 1692 unte
1514 1653 1585 1712 pro·
1636 1651 1654 1690 st

318 1737 389 1796 lecti
411 1749 489 1810 suut,
512 1737 591 1794 intra
614 1756 700 1796 suum
716 1737 841 1814 quisque
864 1757 974 1796 annum
996 1738 1020 1796 it
1041 1738 1192 1814 negotium
1216 1738 1342 1814 exsequi
1365 1756 1400 1795 se
1415 1739 1582 1815 oportebit,

317 1840 337 1898 ii
360 1840 459 1912 etism,
484 1840 534 1916 qui
557 1859 617 1898 uon
640 1841 746 1899 sortito
769 1841 941 1916 provincias
965 1841 969 1916 l
993 1849 1107 1918 regant,
1129 1841 1210 1898 intra
1231 1859 1351 1899 annum.
1633 1859 1652 1896 u

400 1943 405 2020 1
429 1941 479 2001 Ad
496 1941 613 2002 Gallias
630 1944 683 2002 sed
698 1953 728 2002 et
749 1943 889 2021 princeps
914 1985 980 2002 .....
984 1987 992 2016 ,
1015 1945 1066 2019 qui
1083 1945 1112 2002 iu
1129 1943 1299 2002 civitatibus
1317 1943 1583 2019 splendidissima·
1634 1963 1653 1998 ι,

314 2065 380 2106 rum
397 2043 565 2104 Galliarum
587 2047 679 2104 veteri
702 2065 785 2104 more
807 2057 836 2104 et
858 2065 946 2104 sacro
969 2049 1027 2104 ritu
1048 2055 1254 2123 expectantur,
1278 2065 1315 2104 ne
1337 2045 1489 2122 ampliore
1513 2065 1579 2122 pre·

315 2149 525 2224 tiollauistac
547 2149 721 2224 praebeant,
745 2149 1072 2224 quambinismlllbus.
1108 2146 1182 2207 Ourn
1198 2148 1322 2206 maximi
1339 2148 1495 2224 principes
1511 2167 1578 2205 ora·
1631 2166 1651 2203 tr

317 2251 399 2309 tione
422 2267 477 2308 sus
498 2250 702 2327 praedixerint
723 2251 796 2321 fore,
826 2259 857 2308 ut
879 2250 1050 2308 damnatum
1074 2250 1113 2309 ad
1135 2251 1268 2326 gladium
1293 2251 1297 2326 l
1325 2260 1506 2326 procurator
1529 2269 1579 2308 eo·
1630 2268 1650 2306 s

319 2371 384 2411 rum
512 2351 571 2412 nisi
594 2353 678 2429 plure
701 2371 790 2430 quam
815 2371 870 2412 sex
892 2354 992 2412 aureis
1015 2360 1045 2411 et
1066 2353 1123 2412 nisi
1145 2353 1296 2410 iuraverit.

405 2456 410 2533 Ι
435 2451 612 2516 Sacerdotes
634 2475 753 2532 quoque
779 2456 1015 2532 provinciarum,
1042 2456 1150 2531 quibus
1173 2454 1313 2530 nullu[1u]
1338 2455 1429 2530 cu[m]
1453 2456 1577 2514 lanistis
1628 2473 1648 2510 :a

319 2557 483 2635 nego[tium
506 2559 585 2634 erth,
607 2559 789 2636 gladiatores
811 2579 830 2618 a
852 2559 1002 2635 prioribus
1025 2557 1231 2618 sacerdotibus
1251 2556 1416 2637 suslceptos
1430 2559 1481 2616 vel
1505 2559 1576 2616 sibi·
1626 2576 1648 2611 u·

343 2803 348 2810 -
402 2765 441 2824 50
465 2779 619 2826 cvssvost
643 2765 839 2842 vvovmcrss]
860 2767 950 2824 immo
971 2763 1097 2825 'curatori
1115 2768 1179 2824 uiue
1199 2796 1237 2806 -
1260 2765 1295 2823 51
1319 2779 1383 2836 oys
1405 2769 1475 2822 aute
1497 2780 1536 2822 rsr
1557 2763 1585 2820 in
1605 2779 1643 2820 eo

318 2867 399 2946 typis
415 2867 562 2946 apparuit,
582 2885 636 2940 Qvi
653 2869 826 2945 apographa
841 2901 880 2912 —-
902 2867 940 2926 52
962 2867 1111 2944 editorum]
1132 2882 1353 2926 rutro-savus
1372 2885 1431 2925 aes.
1467 2865 1575 2925 Oratio
1590 2885 1643 2940 per·

318 2973 437 3029 turbata
458 2971 502 3031 sic
521 2971 694 3046 accipienda
713 2977 772 3030 est:
793 2971 996 3048 persingulas
1012 2971 1149 3030 civitates
1165 2971 1296 3028 rationes
1312 2969 1447 3046 publicas
1463 2970 1642 3045 privatusque

320 3075 420 3132 decem
437 3083 638 3132 retroversum
654 3093 797 3133 annorum
812 3073 1013 3152 inspiciendas
1028 3090 1095 3132 esse
1114 3081 1143 3130 et
1162 3073 1302 3148 exempla
1323 3091 1476 3130 munerum
1490 3072 1523 3130 in
1540 3089 1640 3148 qusque

319 3177 439 3236 civitate
456 3176 601 3235 editorum
617 3177 846 3236 consideranda:
864 3175 971 3235 deinde
985 3176 1081 3252 pretia
1096 3176 1154 3234 tria
1170 3193 1286 3234 summa
1299 3194 1334 3232 ac
1347 3174 1445 3234 media
1457 3185 1485 3232 et
1496 3156 1639 3250 postremi,

312 3280 346 3348 si
366 3279 587 3356 provinciarum
607 3298 660 3338 eae
680 3279 816 3338 civitates
832 3279 900 3350 sint,
921 3279 958 3336 ab
976 3297 1010 3336 eo
1026 3279 1077 3354 qui
1092 3277 1264 3354 provinciae
1279 3277 1472 3354 praesidebit,
1490 3285 1638 3336 ceterarum

320 3403 338 3441 a
352 3383 479 3441 iuridico
494 3383 539 3441 vel
555 3391 691 3441 curatore
704 3383 770 3440 viae
782 3382 830 3440 vel
845 3381 952 3440 classis
967 3381 1134 3458 praetoriae
1143 3381 1297 3456 praefecto
1309 3380 1358 3439 vel
1371 3387 1561 3456 procuratore
1571 3379 1639 3455 prin·

320 3484 430 3560 cipum,
452 3485 493 3542 uti
509 3484 615 3560 cuique
630 3485 660 3542 iu
678 3503 856 3561 unaquaque
872 3484 992 3542 civitate
1007 3484 1054 3542 ius
1070 3484 1225 3559 primaque
1240 3483 1281 3540 ibi
1297 3493 1432 3558 potestas
1446 3491 1499 3554 est,
1518 3479 1639 3539 deterui-

320 3586 418 3645 nanda
441 3587 521 3643 etin
544 3587 675 3646 futurum
697 3587 845 3646 servanda
863 3617 903 3630 -
926 3585 963 3644 53
988 3601 1101 3645 ssstct't
1123 3605 1230 3644 aes-
1253 3587 1293 3644 st
1315 3587 1475 3660 requiritur
1493 3587 1599 3659 exsequi
1616 3601 1639 3638 se

321 3697 465 3763 oportere:
486 3705 531 3745 eoa
552 3692 635 3747 etiam
649 3721 690 3732 —
713 3690 752 3747 56
774 3705 868 3747 sauss*
890 3691 1072 3766 apographa,
1095 3707 1148 3746 nec
1168 3689 1327 3747 discedunt
1341 3697 1462 3766 ectypa3
1484 3689 1522 3745 ad
1535 3685 1639 3744 Gallias

320 3791 371 3865 s[i]
394 3791 454 3847 edet
475 3793 612 3865 princeps
635 3792 814 3863 Buecheler,
842 3795 884 3850 ed
908 3791 1065 3866 Gelli[c]cs
1088 3789 1327 3866 [e]d[s]t[ie]a[e]s
1355 3790 1453 3866 Μαι]
1475 3785 1638 3848 Hirschfeld.

322 3891 382 3952 Sed
410 3901 510 3967 aperte
539 3911 606 3951 aere
629 3893 686 3952 hoc
709 3895 774 3953 loco
796 3895 913 3971 integro
935 3895 1033 3952 oratio
1055 3894 1120 3951 hiat
1140 3911 1238 3968 neque
1260 3893 1411 3969 quomodo
1433 3911 1496 3950 eam
1517 3889 1638 3966 expleam

322 3994 428 4064 habeo,
451 4013 517 4052 cunr
541 3997 716 4072 praesertim
739 4007 857 4056 constet
878 4015 1002 4054 munera
1023 3997 1053 4054 in
1070 3993 1181 4054 Galliis
1203 3995 1286 4054 nulla
1308 4013 1449 4071 umquam
1471 3995 1507 4052 ab
1527 3995 1637 4066 imperu-

321 4097 437 4154 toribus
466 4097 546 4155 editu
573 4116 640 4156 esse
667 4109 697 4157 et
723 4099 780 4156 nisi
806 4100 843 4158 de
869 4119 906 4156 ea
927 4119 959 4158 re
981 4105 1146 4169 constaret,
1174 4099 1221 4156 vel
1244 4099 1313 4156 sola
1332 4098 1527 4174 gladiatorum
1547 4096 1635 4151 horum

322 4198 458 4257 condicio
481 4199 581 4258 infima
604 4201 678 4258 satis
701 4201 871 4259 ostenderet
893 4221 950 4260 non
974 4201 1023 4276 agi
1042 4201 1099 4258 hoc
1117 4201 1183 4259 loco
1204 4199 1240 4257 de
1260 4201 1433 4260 muneribus
1450 4195 1634 4277 imperatoriis.

323 4299 371 4360 De
396 4301 505 4360 Galliis
527 4301 647 4360 Marcus
670 4305 700 4361 io
723 4303 859 4363 oratione
881 4303 1055 4362 nominatim
1077 4303 1256 4362 constituere
1278 4303 1410 4362 sortasse
1433 4305 1534 4379 potuit,
1554 4301 1578 4356 in
1598 4297 1634 4352 lu·

321 4403 366 4462 dis
394 4405 487 4463 sacris
514 4405 557 4463 ibi
585 4405 782 4464 sollemnibus
810 4425 869 4465 nou
896 4425 915 4463 a
937 4405 1143 4464 sacerdotibus
1167 4407 1336 4481 provinciae
1359 4405 1461 4474 editis,
1489 4403 1537 4463 sed
1558 4399 1633 4460 nuni·

323 4507 470 4582 cipalibus
493 4527 530 4565 ne
553 4507 735 4584 gladiatores
759 4509 971 4567 exhiberentur
993 4509 1050 4566 nisi
1071 4507 1185 4566 minimi
1210 4507 1299 4585 pretii
1320 4539 1362 4550 —-
1390 4507 1429 4565 57
1452 4527 1511 4566 cura
1532 4505 1590 4562 licet
1608 4501 1632 4555 in

325 4627 394 4667 aere
415 4610 664 4686 praecedentibus
679 4612 875 4684 continuetur,
899 4611 937 4668 ad
959 4611 1040 4669 aliud
1056 4619 1146 4687 caput
1167 4628 1244 4686 quae
1265 4619 1432 4686 sequuntur
1452 4610 1585 4688 pertinere
1599 4601 1635 4656 vi·

321 4713 428 4771 dentur
452 4745 490 4756 —-
521 4711 558 4770 58
587 4713 661 4771 haec
683 4731 801 4788 quoquc
827 4713 911 4772 hiant
932 4731 1029 4789 neque
1051 4721 1165 4772 resarta
1186 4713 1344 4789 quisquam
1366 4711 1456 4772 facile
1482 4705 1632 4789 praestabit·

319 4815 369 4873 Ad
395 4815 573 4873 sententiam
599 4815 660 4872 lere
688 4827 827 4893 expectes
856 4815 977 4874 noxium
1006 4815 1087 4889 (nam
1114 4815 1150 4872 de
1177 4815 1234 4873 hoc
1255 4815 1368 4893 agitur)
1396 4833 1454 4873 non
1480 4808 1629 4871 tradendum

323 4935 391 4976 esse
414 4917 521 4976 editori
544 4919 676 4975 muneris
697 4919 816 4993 privato
838 4917 897 4976 nisi
918 4919 1054 4977 cautione
1074 4919 1260 4994 interposita,
1284 4935 1360 4995 quae
1377 4935 1433 4976 sex
1447 4934 1549 4974 aureos
1563 4929 1629 4984 supe·

321 5027 367 5078 ret
394 5025 426 5076 et
452 5019 642 5078 iureiurando
664 5021 821 5097 praestito;
850 5021 947 5080 cautio
970 5029 1000 5078 et
1020 5019 1225 5079 iusiurandum
1247 5037 1305 5095 quo
1328 5021 1474 5096 pertinere
1495 5013 1631 5094 potuerint,

323 5121 449 5179 tractavi
466 5120 495 5178 in
511 5123 723 5180 commentario
739 5143 767 5200 p.
782 5123 841 5180 409
860 5157 898 5166 -
915 5123 953 5181 59
970 5139 1002 5181 cv
1013 5125 1166 5182 lusursrrs
1183 5121 1274 5194 Berl,
1294 5125 1391 5182 cclllll
1407 5121 1528 5192 Hucbu,
1543 5111 1630 5174 cllllu'S

324 5229 431 5298 ectypa
447 5255 483 5264 -
508 5227 696 5285 nscotttttttr
713 5235 826 5300 ectypa,
850 5230 1005 5284 rescolium
1021 5241 1069 5283 ess
1085 5225 1247 5302 Berlanga,
1270 5241 1437 5285 uscortvst
1456 5224 1528 5286 lllllt
1546 5213 1629 5280 fluet·

321 5343 375 5387 ner
399 5354 435 5363 —
461 5323 500 5380 60
524 5327 579 5402 vel]
602 5343 643 5384 vu
666 5325 826 5403 Ber-longa,
849 5331 898 5396 vul
920 5327 1073 5402 Huebner,
1096 5329 1140 5388 vll
1162 5335 1268 5406 ectypa
