3402 5924
564 591 716 642 omnbus
733 592 936 644 rnevsrnau.
1373 582 1420 652 57

62 777 181 861 [cerat]
200 785 274 842 Lov.
295 793 326 842 el
343 787 524 845 ilenzeuus.
564 787 671 856 Quodsi
692 800 762 844 oe..
785 782 872 862 (pone
887 804 964 858 quae
980 787 1131 858 plumbum
1146 788 1294 845 inlidendo
1310 789 1421 846 laesum

60 894 107 944 aut
133 889 226 946 cultro
255 893 394 947 incisum
422 885 483 966 est)
509 907 609 947 revera
636 893 777 963 scriptum
804 897 913 962 exstat,
947 891 1133 964 cogitandum
1160 891 1283 950 fortasse
1311 901 1355 949 est
1384 893 1420 950 de

59 991 222 1048 nominibus
248 992 279 1048 0.
302 993 419 1050 Caesar
443 993 616 1050 Octavianus
643 995 835 1051 contumeliae
867 1010 954 1052 causa
983 996 1139 1064 inscriptis.
1186 993 1318 1064 Quocum
1348 1011 1421 1054 con-

59 1093 177 1166 veniret,
211 1095 294 1166 quod
320 1094 452 1167 liguram
476 1095 573 1167 pballo
600 1097 723 1152 similem
752 1111 841 1168 supra
864 1114 892 1154 v.
916 1102 925 1154 l
960 1090 1031 1172 (sive
1060 1113 1139 1170 pone
1160 1115 1190 1152 v.
1211 1091 1239 1175 2)
1270 1103 1421 1170 agnovisse

59 1197 112 1253 sibi
133 1201 214 1254 visits
239 1203 287 1254 est
312 1198 566 1256 Guardabassius.

59 1377 102 1445 60
130 1393 140 1445 l
173 1381 330 1462 [Perusiae
360 1389 440 1460 apud
468 1389 627 1445 Marianum
659 1383 878 1464 Gusrdabassi].
931 1390 1026 1461 Longa
1056 1393 1165 1460 cett,
1197 1406 1294 1448 crassa
1323 1395 1415 1458 cett

145 1497 175 1546 et
203 1495 325 1559 o,ots;
362 1491 439 1547 male
467 1491 595 1548 formata.
626 1520 669 1530 -
697 1491 868 1562 Exemplum
898 1492 1020 1550 alterum
1049 1495 1196 1566 geminum
1223 1499 1272 1552 aul
1299 1493 1420 1551 fortasse

143 1594 223 1649 idem
249 1600 314 1650 est:

103 1700 118 1752 2
142 1699 222 1770 from
237 1697 372 1770 Per-atqie
391 1706 454 1754 sent
475 1691 587 1772 [ipsene
609 1697 689 1769 glans
711 1713 749 1753 an
771 1689 895 1772 imagot]
919 1696 1006 1768 oqui.
1025 1697 1177 1766 Fortinum·
1204 1699 1306 1772 weiqltt
1329 1699 1351 1756 2
1373 1717 1418 1757 os.

148 1799 210 1855 696
226 1818 274 1872 qr.
307 1794 366 1876 [=
381 1816 504 1872 mamm.
533 1795 654 1878 cimil,
680 1799 780 1870 mdclq
801 1799 886 1855 made
908 1813 1126 1857 rnocsemucs.

618 1958 868 2032 “naimo

70 2436 80 2486 t
106 2433 206 2488 bosori
230 2435 268 2490 si.

70 2539 86 2593 2
110 2449 250 2592 nonnulis
274 2536 354 2592 misit
376 2537 509 2592 societati
532 2535 731 2607 londiniensi,
763 2551 839 2608 quae
867 2535 959 2592 edidit
985 2537 1169 2609 Proceedinqs
1191 2553 1247 2592 soc.
1275 2536 1310 2609 os
1330 2539 1419 2609 antiq.

109 2653 167 2694 ser.
193 2640 267 2712 li,2
295 2633 402 2716 (teos)
429 2656 460 2710 p.
482 2643 541 2696 269
566 2638 796 2708 adtropare
821 2641 944 2712 imagine
965 2639 1183 2712 xylographica.

153 2758 283 2816 Litterae
313 2759 462 2815 inlidendo
485 2773 671 2830 compressae
699 2767 767 2816 suut
796 2775 958 2831 parumque
981 2761 1094 2832 clarae,
1128 2761 1251 2815 maxime
1273 2761 1303 2814 in
1327 2775 1358 2826 a;
1393 2761 1423 2814 in

71 2875 135 2915 area
165 2879 179 2917 c
206 2861 374 2919 litterarum
404 2877 472 2933 pars
498 2863 584 2933 periit
613 2878 647 2919 ec
676 2861 755 2934 quod
787 2877 886 2935 margo
919 2877 1086 2934 compressa
1117 2869 1171 2918 est.
1228 2858 1292 2930 Quo
1321 2861 1423 2918 ordine

72 2964 175 3034 singuli
203 2981 312 3022 versus
342 2964 458 3036 legendi
487 2967 561 3032 sint,
594 2979 652 3022 non
681 2969 805 3022 constat.
853 2966 986 3022 Fortasse
1012 2971 1070 3020 est:
1116 2957 1244 3040 [c]alv[e]
1282 2960 1356 3034 [nam
1387 2963 1423 3020 de

73 3065 168 3122 Fulvia
192 3069 327 3138 cogitare
349 3081 407 3124 non
430 3061 537 3143 licebit)
559 3067 661 3123 Octavi
681 3067 757 3140 felas
776 3059 839 3144 (pro
861 3062 999 3142 solumi).
1039 3067 1187 3124 Fortnumi
1206 3060 1300 3144 (cuius
1322 3067 1425 3124 lectio·

75 3184 139 3224 nem
161 3178 235 3238 tum,
266 3186 332 3227 cum
355 3169 489 3242 glandem
508 3169 578 3238 vidi,
604 3169 732 3228 nondum
756 3164 905 3245 noveram)
929 3170 1128 3242 apographum
1152 3177 1196 3228 est
1217 3169 1290 3225 tale:

582 3283 909 3365 wicum

554 3405 712 3484 Q

78 3584 182 3672 61[=
198 3599 287 3670 corp.
306 3599 317 3654 l
340 3613 372 3655 n.
391 3592 464 3672 683]
496 3606 610 3655 trovato
632 3599 766 3655 initalia
788 3613 866 3656 Νοτ.
888 3592 1006 3674 [deinde
1028 3597 1106 3670 apud
1128 3597 1321 3664 Dodwellum,
1348 3612 1425 3652 nunc

141 3700 169 3755 in
190 3717 295 3759 museo
318 3703 484 3758 Monacensi
507 3717 537 3756 n.
558 3695 645 3776 686].
693 3701 802 3758 Pendet
830 3694 950 3776 (integra
973 3693 1027 3778 est]
1056 3705 1093 3757 63
1111 3717 1169 3772 gr„
1203 3701 1289 3772 longa
1314 3703 1421 3768 ll,038,

142 3818 241 3860 crassa
266 3809 363 3874 ⁰,tll9
388 3809 417 3861 et
441 3809 553 3873 0‚0tc;
581 3805 609 3861 in
632 3807 725 3862 antica
748 3810 830 3876 parte
853 3804 975 3860 duarum
998 3818 1132 3859 arearum
1155 3809 1208 3858 est.

491 3921 582 4002 pisellus

461 4006 616 4084 W
659 3996 690 4048 in
713 4009 815 4050 auersa
834 3999 938 4065 porte:
985 4004 1043 4046 unx

85 4179 149 4237 Tab.
173 4181 237 4238 llll
256 4185 284 4236 l.
331 4183 488 4253 Descripsi.
514 4211 557 4221 —
579 4183 679 4238 Notiec
707 4197 757 4236 sicr
780 4181 805 4234 le
826 4179 921 4236 meede
942 4179 1072 4235 Dodwell
1098 4182 1177 4236 teti
1208 4195 1238 4250 p.
1258 4181 1296 4236 27
1321 4192 1351 4232 n.
1373 4182 1422 4244 98,

85 4282 119 4338 cl.
149 4283 289 4355 Borghesi
317 4283 389 4340 ibid.
420 4287 457 4342 ad
487 4299 515 4341 n.
544 4289 582 4341 96
617 4277 693 4360 (inde
724 4282 761 4338 de
784 4283 896 4338 Minicis
924 4288 946 4337 t.
972 4281 1007 4349 ll,
1043 4285 1081 4337 39
1112 4281 1214 4338 litteris
1244 4279 1422 4352 vulgaribus,

84 4400 111 4454 p.
131 4391 184 4446 itt
205 4403 237 4443 n.
259 4391 275 4444 3
300 4391 329 4441 et
351 4403 381 4458 p.
402 4391 478 4456 122ς
505 4386 613 4442 Helner
636 4383 781 4442 Obcrlrcir.
805 4385 908 4441 Archiv
932 4388 961 4450 7,
983 4387 1042 4442 ist
1059 4405 1102 4430 =
1116 4386 1189 4440 rom.
1208 4384 1320 4454 lloqcrn
1347 4386 1425 4440 lest

86 4501 113 4557 p.
131 4493 188 4547 272
216 4504 245 4544 n.
267 4491 344 4558 3973
369 4489 509 4546 Garrucci
532 4503 561 4544 n.
585 4481 695 4564 ll00);
722 4488 882 4545 Mommsen
904 4486 1022 4557 Corp.l
1045 4501 1075 4540 n.
1095 4489 1168 4544 683.

164 4590 256 4648 Phalli
279 4590 370 4662 ligura
397 4586 495 4668 [quam
517 4593 631 4663 priores
654 4583 820 4667 omiserant)
848 4591 925 4647 clare
953 4591 1129 4660 agnoscitur,
1163 4591 1291 4660 itemque
1316 4593 1428 4644 certum

86 4701 123 4748 est
150 4709 208 4750 unx
244 4691 271 4768 (r.
301 4694 406 4765 angulo
436 4694 566 4751 nonnihil
593 4712 610 4750 a
640 4691 781 4764 quadrato
811 4684 1007 4766 discedente),
1045 4690 1124 4762 quod
1150 4691 1208 4747 iem
1233 4691 1428 4747 Mommseuus

85 4797 212 4865 quamne
234 4795 371 4854 dubitans
394 4797 504 4868 legerat
523 4791 595 4873 (Xlll
611 4794 734 4866 catalogi
748 4795 856 4852 Dodw.
875 4787 1001 4870 auctor);
1029 4793 1067 4850 ci.
1085 4793 1220 4863 glandem
1242 4797 1425 4864 sequentem.

164 4901 362 4957 llommscnus
391 4899 509 4958 adnotat
538 4899 626 4956 baec:
672 4884 808 4955 ‘Omnino
838 4896 1068 4954 Antonianorum
1097 4896 1186 4967 haec;
1217 4895 1249 4953 C.
1274 4895 1429 4952 Caesarem

86 5004 157 5058 enim
179 5005 232 5074 qui
249 5001 399 5060 Octavium
421 5001 578 5076 appellant,
604 5007 711 5072 negant
732 5017 800 5058 eum
818 5001 878 5058 divi
893 5001 957 5058 lulii
979 5005 1151 5056 testamento
1165 4997 1331 5070 adoptatum
1347 5013 1427 5069 esse;

86 5105 118 5160 cl.
136 5104 197 5161 Cic.
216 5104 253 5160 ad
268 5103 325 5162 nn.
344 5109 394 5174 tl,
414 5110 461 5174 lt,
479 5111 513 5165 2:
538 5103 683 5162 nobboum
698 5105 743 5160 lie
757 5133 801 5144 —-
825 5103 968 5172 Octavius,
996 5118 1076 5175 quem
1092 5102 1205 5174 quidem
1219 5103 1264 5157 sui
1280 5101 1429 5158 Caesarem

85 5207 263 5276 salutabant,
293 5209 438 5282 Plrila‘ppua
464 5225 538 5277 nco,
571 5211 668 5280 itaque
693 5223 728 5263 nc
755 5224 809 5264 nos
831 5207 952 5279 quidem.
1001 5202 1148 5261 Octaviani
1174 5203 1289 5260 nomine
1312 5209 1344 5259 ut
1366 5204 1429 5274 ipse

88 5309 121 5366 ita
142 5313 172 5368 in
194 5325 330 5368 sermone
353 5313 480 5382 legitimo
496 5311 598 5368 Cicero
615 5325 732 5381 quoque
747 5307 895 5378 abstinuit,
923 5307 975 5364 sed
998 5309 1026 5362 in
1050 5307 1180 5378 epistulis
1195 5321 1262 5361 eum
1277 5305 1429 5375 aliquoties
