3374 5930
417 598 720 658 oesaavarrorues
746 599 1030 656 ννιαιιινιιιοιιι.
1313 581 1385 656 449

69 779 156 840 rendo
177 779 249 840 vitio
271 779 327 838 hac
348 785 444 840 aetate
466 797 525 838 non
547 797 616 836 raro
638 797 693 854 pro
714 800 734 834 α
760 779 852 857 longa
874 779 1015 855 scriptum
1038 787 1084 838 est
1106 777 1178 854 al),
1207 779 1317 838 mentio
1339 797 1389 838 an·

70 897 118 943 tea
137 883 255 942 extabat
280 883 311 942 in
337 881 433 942 edicto
461 882 497 941 ab
525 882 703 959 imperatore
729 879 856 942 Claudio
882 881 1038 959 proposito
1060 881 1269 940 Alexandreae
1296 881 1390 958 (apud

68 987 220 1065 losephum
244 995 303 1044 ant.
322 985 370 1058 19,
386 985 414 1056 5,
432 983 464 1060 2)
485 983 580 1044 verbis
603 984 662 1042 his:
686 977 765 1041 καθ’
781 969 812 1042 ἓν
826 975 920 1064 καιρὸν
943 983 1072 1059 (scilicet
1093 992 1226 1062 tempore
1242 984 1388 1062 Augusti)

67 1081 186 1152 Ἀκύλας
205 1077 238 1159 ἦν
259 1085 288 1144 ἐν
301 1079 514 1168 Ἀλεξανδρείᾳ.
550 1085 667 1146 Nomen
689 1087 827 1164 expletur
849 1095 877 1143 et
897 1104 992 1146 annus
1013 1085 1152 1144 definitur
1173 1085 1260 1146 titulo
1275 1088 1331 1146 hoc
1344 1089 1388 1146 in·

69 1201 161 1252 rento.
210 1189 423 1268 cognominem
450 1189 544 1248 virum
573 1186 609 1249 Ο.
632 1188 739 1248 Iulium
762 1189 900 1266 Aquilam
923 1190 1052 1266 equitem
1074 1189 1242 1248 Romanum
1265 1189 1388 1249 Tacitus

69 1297 147 1371 (ann.
162 1294 207 1366 12,
225 1293 273 1352 15.
289 1291 342 1368 21)
366 1291 470 1352 scribit
492 1311 519 1350 a.
535 1311 562 1366 p.
576 1289 646 1350 Chr.
663 1292 701 1351 49
721 1292 888 1369 praefuisse
903 1291 1074 1351 cohortibus
1089 1291 1234 1352 Romanis
1250 1292 1280 1352 in
1295 1310 1388 1370 regno

67 1397 237 1474 Bosporano
266 1395 304 1454 ad
331 1393 474 1452 auxilium
504 1394 567 1470 regi
594 1391 681 1470 Cotyi
709 1393 921 1471 praestandum
950 1394 1106 1453 collocatis
1136 1403 1166 1452 et
1190 1403 1312 1471 propter
1337 1413 1388 1454 res

68 1503 139 1560 bene
159 1509 258 1578 gestas
279 1505 453 1556 exornatum
477 1514 544 1554 ease
567 1498 750 1556 ornamentis
773 1497 941 1574 praetoriis,
964 1515 1060 1572 neque
1079 1496 1253 1555 mirabimur
1272 1499 1309 1556 ab
1331 1499 1388 1557 hoc

68 1605 240 1679 imperatore
262 1599 407 1660 eiusmodi
429 1599 572 1658 honorem
594 1600 726 1659 habitum
748 1617 816 1660 esse
836 1599 948 1666 homini
969 1598 1151 1658 adulescenti
1168 1605 1197 1658 et
1211 1599 1243 1658 in
1258 1601 1387 1676 equestri

68 1707 168 1764 militia
181 1705 357 1774 eonstitut03
380 1702 436 1762 luit
450 1703 527 1761 enim
543 1703 656 1778 Aquila
675 1703 740 1761 aine
758 1701 847 1760 dnbio
866 1709 927 1760 tum
942 1702 1110 1779 praefectus
1126 1703 1258 1762 cohortis
1273 1703 1387 1762 alaeve.

67 1808 146 1868 Idem
171 1806 277 1867 deiude
302 1815 474 1881 procurator
499 1804 555 1863 luit
585 1803 675 1864 Ponti
703 1813 732 1862 et
764 1803 923 1880 Bithyniae
949 1812 1009 1862 tam
1036 1805 1092 1864 sub
1120 1804 1223 1864 eodem
1258 1801 1387 1865 Claudio

68 1905 301 1984 (0.1.1..1118‚
318 1907 413 1982 6983)
435 1925 524 1982 quam
547 1909 602 1966 sub
616 1905 737 1966 Nerone
759 1926 786 1964 a.
802 1925 830 1982 p.
848 1905 918 1966 chr.
935 1905 1013 1966 5718
1037 1906 1070 1980 (l.
1086 1927 1111 1966 c.
1129 1906 1214 1983 346).
1250 1907 1387 1968 Eundem

67 2030 133 2072 esse
156 2014 207 2090 qai
232 2012 264 2071 in
289 2007 375 2069 titulo
401 2008 602 2086 Neapolitano
631 2009 753 2084 (Kaibel
782 2011 871 2068 inser.
895 2007 1003 2069 Graec.
1031 2008 1098 2068 Ital.
1127 2021 1157 2068 et
1183 2007 1245 2071 Sic.
1266 2029 1295 2069 n.
1312 2009 1386 2087 716)

68 2115 226 2175 nominatur
240 2118 272 2172 Γ.
287 2103 399 2172 Ἰούνιος
410 2097 539 2173 νΔαινλας
560 2101 689 2194 νεώτερος
708 2101 952 2194 στρατευσάμενος
971 2105 1174 2194 ἐπιτροπεύσας
1194 2105 1387 2194 δημαρχῆσας

66 2207 307 2301 λαννιλαργῆσας
325 2234 385 2276 ιιοιι
400 2214 634 2292 improbabiliter
649 2215 774 2274 coniecit
786 2212 977 2274 Cavedonius
994 2211 1042 2290 (0.
1055 2213 1126 2274 1.1..
1151 2215 1210 2272 vol.
1227 2214 1244 2272 3
1267 2235 1296 2292 p.
1310 2216 1386 2288 oto;

68 2319 133 2382 C.l.
147 2318 199 2380 Gr.
223 2319 316 2378 vol.3
340 2337 368 2394 p.
388 2317 497 2394 1255);
520 2317 715 2394 nequeenim
737 2317 825 2376 lectio
847 2317 924 2376 tituli
946 2318 1009 2376 eius
1031 2317 1074 2374 ita
1096 2317 1252 2393 explorata
1274 2329 1333 2390 est,
1354 2326 1387 2378 ut

67 2443 124 2481 non
143 2423 229 2482 liceat
244 2421 372 2498 cogitare
394 2421 432 2480 de
447 2439 546 2480 errore
568 2421 599 2478 in
614 2419 764 2498 gentilicio
780 2419 933 2478 ommisso.
969 2419 1057 2480 Hono
1072 2419 1223 2479 hominem
1238 2422 1386 2498 equestris
1430 2399 1435 2410 .

67 2525 223 2584 nobilitatis
246 2525 340 2584 lilium
361 2540 428 2582 esse
450 2523 594 2598 praefecti
616 2523 747 2601 Aegypti
770 2521 929 2582 verisimile
952 2531 1006 2580 est.

145 2625 288 2687 Schediae
316 2625 418 2704 oppidi
447 2625 485 2682 ad
512 2624 617 2684 Nilum
647 2625 696 2683 siti
724 2623 897 2700 canalisque
928 2623 997 2682 inde
1029 2625 1109 2684 ducti
1142 2625 1179 2684 ad
1212 2626 1385 2686 suburbium

67 2729 269 2790 Alexandreae
289 2739 319 2787 et
339 2729 437 2788 lacurn
458 2728 606 2786 Mareotin
630 2745 704 2786 unus
725 2727 788 2787 lere
803 2724 910 2786 Strabo
933 2725 997 2801 (17,
1016 2728 1041 2799 1,
1060 2726 1097 2786 16
1120 2747 1149 2805 p.
1166 2727 1226 2786 800
1242 2745 1319 2806 seq.;
1346 2730 1384 2790 cl.

68 2833 190 2892 Mactab.
213 2833 269 2892 l.3
292 2851 316 2892 c.
333 2832 362 2904 4,
380 2829 432 2906 ll)
455 2831 601 2888 meminit:
630 2827 657 2885 ἔν
680 2823 767 2910 δεξιᾷ
793 2817 824 2886 δὲ
851 2829 901 2899 τῆς
922 2820 1095 2900 Κανωβικῆς
1120 2821 1212 2899 πιίλης
1239 2821 1342 2910 ἔξιίντι
1369 2827 1384 2902 ἦ

68 2927 164 3018 daupei}
185 2933 259 2992 ἔστιν
280 2928 295 3002 ἦ
318 2922 361 2990 tul
383 2921 527 2998 Κοίνωβον
549 2922 739 2990 σννοίπτουσα
765 2933 799 3010 τῇ
821 2923 914 3007 λίμνῃ·
938 2921 1025 3008 ταύτῃ
1054 2918 1085 2987 δῖ
1112 2921 1159 2989 καὶ
1185 2921 1229 2989 ἐπὶ
1251 2927 1384 3010 Σχεδίαν

67 3031 181 3098 ὅπλοός
202 3026 246 3094 iai
269 3029 316 3094 rdv
337 3025 429 3112 με’γαν
449 3027 575 3100 ποταμόν
595 3022 643 3091 καί
664 3027 708 3091 ἐπὶ
729 3027 776 3090 τδν
796 3025 950 3100 Κάνωβον,
971 3035 1078 3115 πρῶτον
1101 3021 1131 3091 δὲ
1153 3025 1197 3093 iai
1218 3029 1267 3106 cliv
1285 3029 1384 3094 Ἐλευ-

68 3139 138 3196 σῖνα·
159 3129 218 3197 ἔστι
244 3133 272 3195 δ’
289 3121 361 3207 αὕτη
387 3127 516 3194 κατοικία
542 3129 659 3206 πλησίον
686 3137 737 3206 τοῖς
765 3157 795 3192 τε
814 3125 1036 3218 Ἀλεξανδρείας
1063 3125 1111 3192 καί
1137 3139 1188 3208 τῆς
1209 3129 1384 3204 Νικοπίλεως

66 3235 107 3295 ἔτ’
130 3235 198 3320 αὐτῇ
220 3243 254 3320 τῇ
275 3231 434 3317 Κανωβικῄ
455 3228 569 3320 διώρυγι
590 3229 695 3308 ustuire
824 3232 881 3296 οίπδ
906 3226 936 3295 δὲ
958 3239 1007 3307 τῆς
1026 3231 1187 3301 Ἐλσυσῒνος
1208 3236 1383 3322 προελθοῦσι

66 3337 153 3425 μιαρδν
177 3341 204 3400 ἓν
231 3337 318 3424 δεξιᾷ
344 3339 417 3398 ἔστιν
439 3337 455 3411 ἦ
484 3335 589 3422 διῶρυξ
615 3331 770 3414 ἀνοίγουσα
797 3329 840 3397 1πῖ
867 3333 916 3410 τὴν
940 3330 1086 3416 Σχεδίαν·
1110 3332 1202 3418 dismas
1229 3335 1260 3398 di
1285 3335 1384 3425 rerpa'·

67 3467 176 3523 σχοινον
198 3446 250 3522 (=
266 3445 327 3503 XV
341 3463 380 3504 nt.
396 3443 440 3520 p.)
466 3443 515 3514 τῆς
535 3435 753 3524 Ἀλεξανδρείας
774 3440 790 3514 ἡ
814 3433 933 3522 Σχεδία
959 3433 1087 3500 κατοικία
1113 3435 1236 3512 πόλεως,
1264 3442 1290 3502 ἐν
1312 3431 1331 3524 ᾗ
1351 3440 1382 3504 rd

66 3538 245 3616 ναύσταθμον
260 3549 314 3605 roiv
328 3541 511 3622 θαλαμηγιῖιν
526 3538 639 3612 πλοίων,
661 3541 708 3622 ἐφ’
727 3534 766 3606 οἷς
788 3544 811 3602 οἱ
832 3534 969 3621 ἦγεμίνες
990 3543 1029 3608 οἷς
1050 3539 1099 3615 τὴν
1114 3530 1171 3603 oium
1194 3540 1295 3628 χώραν
1315 3542 1382 3606 σίνα-

66 3641 201 3708 ιτλεόιισιν·
223 3643 357 3707 ἐνταῦθα
379 3637 409 3706 δὲ
431 3637 478 3704 καί
500 3641 530 3704 ra*
554 3637 682 3706 τελνίνιον
698 3647 750 3704 τῶν
764 3633 879 3704 ἄνωθεν
899 3637 1100 3722 καταγομένων
1121 3637 1169 3704 καί
1192 3640 1382 3724 ἀναγομένων,

66 3737 92 3806 aii
112 3743 197 3834 χείρω
218 3741 266 3809 καί
295 3743 405 3829 σχεδία
431 3744 559 3820 ἔζευκται
585 3742 628 3807 ε’πῖ
654 3750 695 3825 τῷ
715 3749 848 3825 ποταμῷ,
877 3743 933 3824 αφ’
954 3735 987 3819 ἧς
1012 3738 1059 3807 aei
1080 3739 1203 3820 τοῦνομα
1229 3753 1269 3828 τῷ
1295 3742 1380 3829 τίπιρι.

66 3851 179 3914 Canalis
204 3856 295 3932 igitur
323 3851 490 3912 Ganobious
517 3853 556 3910 ad
581 3852 752 3910 Eleusinem
780 3851 894 3910 bifurco
927 3851 1007 3910 lucto
1039 3853 1161 3911 sinistra
1191 3853 1277 3912 iuxta
1308 3855 1380 3916 litus

67 3951 209 4016 Canobum
232 3957 367 4029 ducebat,
395 3956 502 4014 dextra
525 3953 682 4016 Schediam
705 3965 734 4012 et
756 3953 892 4012 adhunc
915 3954 1018 4014 titulus
1040 3965 1142 4014 noster
1164 3955 1299 4030 pertinet,
1328 3961 1381 4018 sed

67 4067 93 4114 ut
113 4079 149 4118 ex
168 4061 225 4118 hoo
246 4059 363 4118 demum
386 4058 573 4136 intellegatur
595 4078 648 4134 per
663 4077 730 4116 eum
748 4057 883 4115 canalem
898 4076 1006 4134 aquam
1022 4058 1139 4116 ductam
1156 4075 1222 4116 esse
1236 4059 1267 4117 in
1282 4061 1379 4136 ipsam

66 4162 156 4220 urbem
178 4162 325 4238 adeoque,
354 4171 386 4219 ut
411 4161 453 4218 ait
479 4161 597 4232 titulus,
624 4161 653 4218 in
681 4167 774 4218 totum
802 4160 951 4236 oppidum.
999 4162 1080 4218 Ante
1106 4162 1277 4238 Augustum
1304 4163 1379 4221 unde

65 4263 253 4322 Alexandrini
275 4282 383 4339 aquam
406 4263 556 4333 duxerint,
584 4261 748 4338 quaeritur,
776 4271 805 4319 et
831 4269 900 4320 sunt
926 4281 1001 4339 quae
1024 4263 1223 4338 persuadeant
1244 4272 1277 4323 ut
1303 4267 1379 4324 anti·

66 4366 197 4438 quissimo
221 4375 352 4443 tempore
380 4365 431 4439 (cf.
455 4363 565 4441 Scylax
587 4384 611 4424 o.
631 4363 702 4422 107:
726 4360 753 4421 ἐν
775 4352 806 4420 δὲ
828 4354 911 4446 Φνίρῳ
934 4355 1039 4434 λιμένες
1061 4355 1176 4422 πολλοί·
1199 4357 1273 4448 ὕδωρ
1296 4357 1326 4423 δὲ
1347 4367 1379 4426 ἐκ

64 4467 105 4534 τῆς
124 4459 247 4551 Μαρείας
268 4459 363 4536 λίμνης
385 4457 560 4549 ὑδρεύονται·
587 4459 647 4523 ἔστι
671 4459 728 4548 γὰρ
749 4457 878 4543 πίτιαος)
901 4469 943 4526 ita
964 4475 1069 4544 postea
1091 4485 1210 4544 quoque
1232 4489 1297 4528 eum
1325 4489 1377 4530 eos

65 4570 179 4630 traxisse
199 4571 389 4646 potissimum
411 4589 449 4627 ex
471 4569 537 4626 lacu
558 4568 732 4627 Mareotide.
776 4567 855 4626 Nam
879 4579 982 4628 auctor
1003 4569 1072 4628 belli
1095 4571 1295 4630 Alexandrini
1317 4575 1372 4631 c.l

65 4681 154 4730 narrat
174 4671 336 4732 Caesarem
359 4671 398 4729 ad
419 4670 556 4748 paludem
580 4689 598 4727 a
620 4671 742 4728 meridie
764 4671 947 4730 interiectam
969 4672 1079 4749 oppido
1102 4673 1215 4731 aditum
1243 4673 1299 4732 sibi
1325 4693 1376 4750 pu·

66 4775 177 4849 rexisse,
204 4785 235 4834 ut
257 4793 336 4850 aqua
353 4773 519 4850 pabuloque
540 4773 711 4846 abundaret,
741 4793 861 4849 quoram
884 4775 1002 4833 ulterius
1024 4793 1069 4834 res
1096 4777 1207 4852 copiam
1236 4778 1375 4851 eriptam,

65 4875 167 4936 atterius
188 4877 298 4935 nullam
320 4880 429 4934 omnino
445 4877 615 4950 facultatem
641 4875 771 4948 babebat,
799 4877 876 4952 quod
900 4885 1049 4953 atrumque
1075 4877 1155 4954 turpe
1177 4878 1265 4953 palas
1288 4897 1374 4954 prae·

65 4973 117 5034 bera
136 4991 257 5055 poterat.
306 4975 384 5038 Sane
410 4976 488 5053 quod
516 4977 668 5055 subiungit
695 4995 718 5035 c.
741 4979 772 5036 5:
806 4979 990 5040 Alexandrea
1017 4990 1058 5039 eat
1075 4982 1140 5056 sere
1168 4990 1225 5040 totu
1252 4981 1374 5056 suffossa

66 5111 252 5129 “——fi—

128 5209 148 5273 ¹)
176 5213 211 5264 Ut
226 5201 326 5276 ’Διιιῖλᾳ
345 5227 391 5277 pro
410 5197 514 5274 Ἀκιίλα,
535 5213 572 5263 ita
591 5211 654 5262 alibi
673 5213 798 5276 reperitur
819 5205 907 5278 dalaq,
932 5209 1068 5282 γυμνασίας
1088 5211 1269 5276 <Meisterbaus
1284 5211 1373 5270 &aare

64 5301 126 5353 metit·
142 5303 187 5356 der
206 5303 327 5357 attischcu
346 5301 496 5368 Iuacbry'teu
514 5320 540 5374 p.
555 5303 610 5367 53).
647 5303 749 5358 Monuit
767 5304 850 5360 Diels.
