3466 5926
327 565 373 635 14
806 579 962 630 ammons
980 579 1188 632 4444444444

411 776 544 831 Minicius
565 781 586 831 t.
606 777 631 832 ll
651 779 686 831 46
709 766 820 850 (litteris
841 768 1035 850 vulgaribus),
1062 792 1093 848 p.
1114 781 1173 835 262
1191 783 1221 832 44
1242 780 1302 835 242
1326 792 1372 848 sq.
1398 776 1519 835 exhibet
1541 777 1667 850 glandem

323 884 474 949 acceptam
496 895 513 934 a
534 876 689 936 Roschinio
713 879 890 935 Ferrariensi
917 871 995 954 (inde
1017 885 1204 936 memoratam
1228 879 1266 936 ali
1289 881 1468 938 llommseno
1491 881 1582 954 Corp.
1604 882 1615 936 Ι
1636 882 1665 936 ad

323 997 352 1038 44.
374 975 445 1058 656)
473 993 583 1036 hiran.
622 981 662 1036 Ea
685 987 734 1038 aut
755 982 831 1038 male
854 982 929 1039 lecta
951 988 996 1038 est
1017 998 1070 1054 pro
1094 995 1162 1038 44444
1183 989 1248 1046 aut,
1274 985 1300 1040 si
1322 996 1338 1038 ι
1357 1000 1390 1040 44
1412 999 1483 1040 vera
1506 987 1538 1041 in
1554 982 1666 1054 plumbo

323 1085 390 1154 luit,
417 1084 487 1140 salsa
510 1089 542 1140 44
564 1086 627 1140 eius
649 1100 681 1140 n.
701 1089 739 1141 46
764 1090 793 1140 et
816 1090 851 1144 24
885 1077 961 1158 (vide
984 1085 1070 1142 falsas
1093 1079 1130 1144 a*
1153 1093 1182 1142 et
1206 1081 1266 1162 P).

323 1247 579 1332 5[=Corp.1x
601 1273 631 1312 n.
651 1260 744 1325 6666,
764 1250 794 1328 ν]
834 1272 900 1327 rep.
932 1261 1063 1314 a.l8''17
1094 1258 1243 1332 0444434444
1272 1260 1302 1314 44
1328 1261 1469 1318 contrado
1488 1259 1621 1315 Petianro
1642 1259 1666 1313 44

367 1365 443 1416 terra
462 1355 637 1432 [eodemque
658 1374 734 1416 anno
751 1361 831 1415 venit
853 1362 884 1415 in
905 1375 1040 1417 museum
1054 1359 1231 1418 4444444444
1246 1377 1277 1418 4.
1294 1355 1403 1438 2493]
1443 1361 1555 1418 Pendet
1573 1366 1610 1420 49
1626 1379 1663 1433 gr.

365 1464 448 1519 Parte
471 1477 572 1518 avorsa
595 1461 680 1535 plana
702 1467 755 1533 est,
781 1469 814 1520 44
835 1463 1005 1536 amygdalae
1028 1463 1193 1520 dimidiatae
1216 1465 1338 1522 iormam
1360 1464 1479 1522 habeat.

970 1615 1020 1656 ΠΛ

323 1735 393 1793 Tab.
413 1736 439 1790 ll
455 1740 485 1795 2.
533 1736 690 1807 Descripsi.
715 1765 758 1777 -
782 1735 957 1794 Gabriellius
980 1755 1007 1793 a.
1030 1739 1110 1795 4677
1134 1740 1313 1795 llommseno
1335 1737 1538 1810 apographum
1561 1741 1645 1794 misit.

410 1841 487 1895 intra
510 1852 531 1893 44
553 1841 675 1910 periisse
698 1843 792 1908 potest
814 1839 920 1897 lineola
943 1845 1119 1896 transversa.
1156 1841 1285 1913 Spatium
1308 1841 1431 1898 admittit
1451 1855 1492 1910 4.,
1520 1843 1573 1898 sed
1590 1841 1665 1897 nad-

323 1959 416 2000 nexae
438 1942 550 1998 nullum
572 1943 726 2013 vestigium
750 1949 851 2000 exstat.

322 2105 577 2188 dl=corp1x
599 2129 630 2170 n.
651 2116 745 2182 6666,
764 2109 804 2187 vr]
841 2130 979 2186 magnum
1001 2131 1156 2172 numerum
1178 2121 1329 2188 repertum
1351 2132 1416 2172 esse
1439 2133 1533 2188 prope
1548 2117 1664 2174 Firmum

367 2223 397 2273 et
418 2219 496 2289 ripas
511 2218 629 2273 Truenti
651 2222 773 2273 44444444
795 2230 895 2274 4444444.
916 2233 947 2288 p.
967 2222 1041 2278 264.
1082 2220 1144 2276 lloc
1166 2220 1245 2290 quod
1268 2219 1305 2276 de
1320 2221 1415 2276 Firmo
1437 2221 1573 2291 affirmat,
1599 2237 1665 2292 qna-

366 2327 451 2377 tenus
480 2322 569 2376 certis
595 2321 767 2377 testimoniis
798 2322 905 2377 nitatur
935 2321 1062 2378 discerni
1092 2323 1204 2393 nequit.
1258 2323 1343 2379 Certe
1372 2339 1469 2394 neque
1498 2326 1575 2394 ipse,
1607 2325 1665 2380 44444

366 2422 455 2481 homo
470 2423 635 2491 Firmanus,
663 2438 760 2494 neque
783 2424 857 2480 alius
881 2425 1036 2496 quiscuam
1059 2425 1095 2481 de
1111 2443 1168 2482 uua
1192 2425 1289 2496 aliqua
1311 2426 1415 2498 glande
1437 2427 1515 2483 idem
1539 2434 1663 2484 testatur.

367 2523 405 2583 Et
432 2528 496 2597 ipse
518 2541 585 2582 mox
614 2526 688 2582 haec
710 2526 837 2596 profert:
878 2527 964 2584 Nello
985 2535 1085 2585 4444444
1107 2527 1261 2586 4444444444
1282 2531 1308 2584 ei
1329 2546 1500 2586 consonano
1526 2530 1622 2586 alcuni
1641 2530 1667 2584 di

368 2633 458 2704 questi
476 2628 595 2702 piombi,
622 2631 634 2684 i
655 2629 735 2702 quali
753 2647 826 2703 pooo
848 2631 899 2704 fra
922 2630 967 2687 lor
982 2632 1161 2706 differiaoono
1183 2631 1381 2706 callosorum
1403 2633 1476 2688 delle
1499 2633 1614 2690 lettere:
1645 2635 1665 2687 si

366 2733 436 2788 44444
458 2727 529 2805 perd
552 2733 601 2787 444
621 2749 691 2789 sono
714 2733 745 2788 di
767 2735 881 2790 44444444
902 2741 1016 2808 stampe
1048 2731 1086 2808 [at
1111 2737 1255 2806 genuinae
1285 2749 1344 2793 non
1372 2731 1562 2809 suntcusae]
1590 2753 1603 2792 4
1622 2737 1666 2810 44-

367 2837 454 2890 eione.
502 2835 598 2892 Preeso
621 2837 670 2892 4444
693 2843 765 2892 tutte
787 2838 813 2892 44
834 2837 1059 2893 dieotterrorono
1088 2839 1135 2894 444
1156 2837 1256 2896 Piceno
1288 2855 1303 2894 e
1329 2839 1407 2911 444444·
1427 2837 1551 2896 46444444
1573 2852 1662 2896 44444444.

367 2953 397 3008 p.
418 2941 477 2995 266
502 2943 562 2994 444.
584 2943 612 3006 4,
637 2937 690 2995 ubi
713 2939 750 2994 de
773 2939 868 2995 Firmo
891 2945 977 2996 tacet.

394 3044 404 3095 4
433 3043 463 3095 44
485 3040 591 3096 Piceno
613 3055 677 3109 rep.
704 3055 788 3097 near.
815 3058 845 3114 p.
868 3047 896 3099 9.

392 3147 407 3199 2
432 3141 498 3198 4444
513 3141 641 3200 Abannae
665 3156 786 3200 4444444.

392 3249 407 3302 3
432 3261 496 3316 rep.
518 3245 675 3319 (lanopoli,
696 3247 837 3303 contrado
851 3247 982 3304 Petinaro
1005 3250 1035 3304 in
1057 3253 1134 3305 terra
1156 3265 1184 3305 4.
1208 3253 1287 3306 4677
1308 3245 1484 3323 [eodemque
1503 3267 1581 3308 anno
1596 3253 1664 3306 remit

432 3350 462 3405 in
485 3363 617 3405 museum
641 3346 737 3406 44441.
765 3366 794 3405 n.
817 3343 927 3424 2495]
975 3350 1083 3407 Pendet
1106 3357 1140 3408 54
1169 3367 1214 3423 34.

392 3453 407 3507 4
431 3466 524 3521 prope
538 3451 690 3508 Tortoreto
711 3466 801 3509 nicer.
821 3481 864 3492 -
881 3438 936 3508 ‘Ad
958 3453 1050 3524 ripam
1065 3453 1200 3511 Vibratae
1222 3453 1284 3510 4444
1306 3469 1445 3526 passuum
1468 3453 1596 3512 millibus
1621 3447 1663 3529 [sic

431 3555 539 3612 omisso
561 3555 674 3611 milium
695 3548 828 3630 numero]
854 3554 891 3612 ab
907 3554 1014 3613 Asculo
1038 3557 1167 3628 repperit
1181 3557 1252 3612 Baro
1275 3556 1312 3612 de
1329 3543 1528 3614 Gnidobaldis'
1550 3573 1640 3614 caan.

392 3659 497 3713 5-44
522 3671 586 3726 rep.
613 3659 643 3712 in
666 3657 825 3715 6444444444
852 3651 939 3733 [mus.
958 3657 1026 3715 444.
1052 3675 1082 3714 4.
1104 3662 1199 3716 4664;
1228 3663 1266 3716 46
1291 3675 1348 3730 34.;
1376 3675 1405 3716 n.
1428 3665 1527 3719 4⁴25:
1556 3665 1593 3718 67
1610 3675 1659 3731 34.;

435 3764 532 3818 44264
562 3763 682 3830 46344
718 3762 814 3816 lltll:
844 3763 963 3833 46344
1002 3765 1100 3819 4466;
1129 3765 1248 3832 44344
1286 3765 1383 3819 ltin:
1413 3765 1450 3820 46
1475 3779 1534 3834 34.;
1573 3766 1660 3820 llio:

433 3867 553 3933 63344
591 3865 687 3918 liri:
716 3865 753 3918 46
778 3878 836 3933 34.;
873 3867 970 3923 46624
999 3869 1118 3936 46344
1153 3868 1254 3922 nata:
1283 3867 1320 3922 46
1344 3860 1403 3938 gr]

370 3970 419 4022 46.
448 3970 483 4022 46
508 3981 572 4036 rep.
591 3967 621 4020 in
644 3965 803 4023 castellano
830 3959 916 4042 [mus.
935 3966 1003 4024 Asc.
1021 3982 1051 4023 n.
1071 3971 1169 4024 ⁴063:
1198 3971 1235 4025 46
1253 3984 1310 4039 34.;
1342 3971 1439 4026 44634
1468 3973 1502 4027 54
1524 3964 1583 4045 gr]

371 4071 408 4123 47
431 4083 495 4138 rep.
520 4069 551 4122 in
580 4067 662 4124 alveo
691 4068 845 4125 castellani
870 4085 963 4141 prope
989 4069 1108 4126 Pontem
1136 4071 1273 4128 Maiorem
1301 4075 1337 4128 45
1362 4071 1442 4143 Sept.
1473 4075 1554 4130 4679
1582 4067 1658 4148 [mos.

432 4163 560 4246 44444]
608 4170 718 4227 Pendet
742 4175 779 4230 46
804 4189 847 4244 34.
896 4187 1061 4229 pennantur.

370 4277 492 4332 46-26
518 4290 554 4330 ex
576 4273 684 4346 quibus
709 4279 747 4332 26
769 4269 809 4350 (n.
830 4280 880 4344 96,
903 4269 929 4351 t)
950 4281 1016 4333 ante
1039 4281 1076 4334 66
1100 4277 1161 4333 iere
1185 4291 1276 4334 annos
1298 4275 1395 4334 Asculi
1417 4278 1455 4334 ad
1476 4285 1591 4348 portam
1613 4279 1663 4333 lio·

430 4391 546 4432 mamam
576 4381 692 4449 reperta
724 4393 789 4433 esse
818 4379 911 4435 fertur
937 4385 1011 4435 44444
1039 4393 1131 4435 onan.
1159 4397 1186 4434 a.
1210 4384 1289 4437 4677
1319 4373 1366 4456 (44.
1393 4397 1481 4454 supra
1510 4397 1543 4453 p.
1564 4376 1605 4458 7};
1635 4395 1661 4434 ea

432 4479 596 4551 robiginem
625 4481 818 4552 ferrugineam
846 4479 935 4538 hahet
966 4475 1052 4558 [mus.
1071 4480 1171 4539 44444.
1197 4499 1227 4539 n.
1264 4487 1363 4541 itti:
1409 4488 1448 4541 67
1476 4499 1536 4554 34.;
1572 4487 1660 4540 tili:

432 4585 470 4640 49
494 4599 552 4654 34.;
582 4587 632 4652 96,
662 4586 694 4640 4;
725 4588 846 4656 57344
877 4589 974 4642 46464
1003 4589 1041 4642 66
1066 4602 1124 4656 34.;
1155 4589 1255 4643 4447;
1284 4591 1396 4658 54344
1428 4589 1526 4644 44464
1556 4593 1658 4658 litigi-t

432 4688 525 4744 22444
555 4689 590 4743 46
617 4702 674 4758 34.;
706 4689 801 4743 44694
831 4690 868 4744 46
895 4681 968 4763 34].
1017 4693 1050 4746 24
1086 4683 1125 4766 (m.
1148 4682 1239 4764 4646]
1265 4692 1295 4746 44
1318 4696 1400 4762 parte
1423 4689 1524 4746 dextra
1548 4706 1604 4749 non
1625 4693 1660 4744 444

429 4791 603 4846 acuminata.
952 4855 953 4858 Ἴ

367 4897 491 4952 26-26
519 4889 556 4966 [a.
581 4895 660 4950 4676
685 4892 842 4964 adquisivit
863 4908 996 4951 museum
1019 4887 1132 4970 44444]

367 5000 486 5054 29-34
519 4987 740 5070 [mundaum.
763 4998 859 5053 ltin:
888 5001 1000 5070 52344
1031 5000 1127 5055 tlte:
1158 5001 1195 5054 46
1212 5013 1269 5069 gr.;
1301 5003 1396 5056 46634
1426 5001 1463 5056 46
1487 5015 1532 5071 34.
1559 5002 1659 5072 priores

427 5113 454 5154 a.
474 5100 553 5155 4672
578 5095 615 5154 ab
638 5098 803 5154 Lazzarinio
825 5101 995 5170 acquisitae,
1020 5099 1104 5156 tertia
1126 5115 1154 5154 a.
1178 5103 1257 5158 4673
1282 5093 1404 5174 empta]

366 5205 415 5259 32.
444 5205 481 5257 33
510 5193 620 5274 [Asculi
643 5200 721 5272 apud
743 5199 945 5258 Venturinium
968 5201 1117 5260 aurificem
1140 5202 1250 5259 vidia.
1274 5196 1380 5278 4677]

366 5305 404 5360 34
432 5296 502 5379 [liri
526 5303 605 5373 apud
627 5297 832 5380 Sorrichium.]
