<?xml version="1.0" encoding="UTF-8"?>
<!DOCTYPE html PUBLIC "-//W3C//DTD XHTML 1.0 Transitional//EN"
    "http://www.w3.org/TR/xhtml1/DTD/xhtml1-transitional.dtd">
<html xmlns="http://www.w3.org/1999/xhtml" xml:lang="en" lang="en">
 <head>
  <title>
</title>
<meta http-equiv="Content-Type" content="text/html;charset=utf-8" />
  <meta name='ocr-system' content='tesseract 3.04.00' />
  <meta name='ocr-capabilities' content='ocr_page ocr_carea ocr_par ocr_line ocrx_word'/>
</head>
<body>
  <div class='ocr_page' id='page_1' title='image "./ephemerisepigra14instgoog_0114.png"; bbox 0 0 3402 5924; ppageno 0'>
   <div class='ocr_carea' id='block_1_1' title="bbox 557 578 1412 650">
    <p class='ocr_par' dir='ltr' id='par_1_1' title="bbox 557 578 1412 650">
     <span class='ocr_line' id='line_1_1' title="bbox 557 578 1412 650; baseline -0.006 -7"><span class='ocrx_word' id='word_1_1' title='bbox 557 593 712 643; x_wconf 75' lang='lat' dir='ltr'><strong>attubus</strong></span> <span class='ocrx_word' id='word_1_2' title='bbox 731 593 930 643; x_wconf 72' lang='lat' dir='ltr'><strong>Pnnvstusts.</strong></span> <span class='ocrx_word' id='word_1_3' title='bbox 1365 578 1412 650; x_wconf 81' lang='grc'><strong>59</strong></span> 
     </span>
    </p>
   </div>
   <div class='ocr_carea' id='block_1_2' title="bbox 66 783 1416 1170">
    <p class='ocr_par' dir='ltr' id='par_1_2' title="bbox 66 783 1416 1068">
     <span class='ocr_line' id='line_1_2' title="bbox 66 783 1416 865; baseline 0 -21"><span class='ocrx_word' id='word_1_4' title='bbox 66 793 92 844; x_wconf 80' lang='grc'><strong>5.</strong></span> <span class='ocrx_word' id='word_1_5' title='bbox 112 791 126 844; x_wconf 78' lang='lat' dir='ltr'><strong>t</strong></span> <span class='ocrx_word' id='word_1_6' title='bbox 149 787 189 844; x_wconf 84' lang='lat' dir='ltr'><strong>lie</strong></span> <span class='ocrx_word' id='word_1_7' title='bbox 208 787 395 860; x_wconf 76' lang='lat' dir='ltr'><strong>tongpeuer</strong></span> <span class='ocrx_word' id='word_1_8' title='bbox 420 790 583 847; x_wconf 80' lang='lat' dir='ltr'><strong>liitsobelio</strong></span> <span class='ocrx_word' id='word_1_9' title='bbox 606 789 726 860; x_wconf 81' lang='lat' dir='ltr'><strong>epistula</strong></span> <span class='ocrx_word' id='word_1_10' title='bbox 746 793 783 845; x_wconf 79' lang='lat' dir='ltr'><strong>l&#39;i</strong></span> <span class='ocrx_word' id='word_1_11' title='bbox 800 787 879 860; x_wconf 88' lang='lat' dir='ltr'><strong>Sept.</strong></span> <span class='ocrx_word' id='word_1_12' title='bbox 903 793 982 846; x_wconf 76' lang='lat' dir='ltr'><strong>tect</strong></span> <span class='ocrx_word' id='word_1_13' title='bbox 1007 790 1111 860; x_wconf 84' lang='lat' dir='ltr'><strong>scripta</strong></span> <span class='ocrx_word' id='word_1_14' title='bbox 1139 783 1185 865; x_wconf 85' lang='lat' dir='ltr'><strong>(ex</strong></span> <span class='ocrx_word' id='word_1_15' title='bbox 1207 787 1296 846; x_wconf 83' lang='lat' dir='ltr'><strong>nitere</strong></span> <span class='ocrx_word' id='word_1_16' title='bbox 1318 793 1416 845; x_wconf 72' lang='lat' dir='ltr'><strong>mmen</strong></span> 
     </span>
     <span class='ocr_line' id='line_1_3' title="bbox 104 884 1416 966; baseline 0.001 -21"><span class='ocrx_word' id='word_1_17' title='bbox 104 905 158 946; x_wconf 91' lang='lat' dir='ltr'><strong>non</strong></span> <span class='ocrx_word' id='word_1_18' title='bbox 177 892 362 960; x_wconf 80' lang='lat' dir='ltr'><strong>transcripsit</strong></span> <span class='ocrx_word' id='word_1_19' title='bbox 386 894 446 948; x_wconf 92' lang='lat' dir='ltr'><strong>nisi</strong></span> <span class='ocrx_word' id='word_1_20' title='bbox 471 885 549 966; x_wconf 79' lang='lat' dir='ltr'><strong>tue);</strong></span> <span class='ocrx_word' id='word_1_21' title='bbox 576 892 654 949; x_wconf 90' lang='lat' dir='ltr'><strong>idem</strong></span> <span class='ocrx_word' id='word_1_22' title='bbox 676 894 753 948; x_wconf 82' lang='lat' dir='ltr'><strong>misit</strong></span> <span class='ocrx_word' id='word_1_23' title='bbox 767 893 945 948; x_wconf 88' lang='lat' dir='ltr'><strong>llommseno</strong></span> <span class='ocrx_word' id='word_1_24' title='bbox 961 891 1078 962; x_wconf 87' lang='lat' dir='ltr'><strong>Corp.l</strong></span> <span class='ocrx_word' id='word_1_25' title='bbox 1101 894 1161 948; x_wconf 82' lang='lat' dir='ltr'><strong>&#39;loli</strong></span> <span class='ocrx_word' id='word_1_26' title='bbox 1184 884 1260 966; x_wconf 87' lang='lat' dir='ltr'><strong>(iude</strong></span> <span class='ocrx_word' id='word_1_27' title='bbox 1276 890 1416 948; x_wconf 87' lang='lat' dir='ltr'><strong>Garrucci</strong></span> 
     </span>
     <span class='ocr_line' id='line_1_4' title="bbox 106 985 916 1068; baseline 0 -19"><span class='ocrx_word' id='word_1_28' title='bbox 106 985 205 1068; x_wconf 82' lang='grc'><strong>1188).</strong></span> <span class='ocrx_word' id='word_1_29' title='bbox 230 1023 276 1034; x_wconf 91' lang='lat'>-</span> <span class='ocrx_word' id='word_1_30' title='bbox 299 994 430 1050; x_wconf 78' lang='lat' dir='ltr'>Fulmen</span> <span class='ocrx_word' id='word_1_31' title='bbox 455 1011 515 1050; x_wconf 93' lang='lat' dir='ltr'><strong>non</strong></span> <span class='ocrx_word' id='word_1_32' title='bbox 539 997 709 1053; x_wconf 80' lang='lat' dir='ltr'><strong>memorarit</strong></span> <span class='ocrx_word' id='word_1_33' title='bbox 730 995 916 1065; x_wconf 79' lang='lat' dir='ltr'><strong>Longpdrier.</strong></span> 
     </span>
    </p>

    <p class='ocr_par' dir='ltr' id='par_1_3' title="bbox 67 1097 1220 1170">
     <span class='ocr_line' id='line_1_5' title="bbox 67 1097 1220 1170; baseline 0.001 -19"><span class='ocrx_word' id='word_1_34' title='bbox 67 1099 81 1150; x_wconf 89' lang='lat' dir='ltr'><strong>&#39;l</strong></span> <span class='ocrx_word' id='word_1_35' title='bbox 103 1098 245 1168; x_wconf 82' lang='lat' dir='ltr'><strong>Descripsi</strong></span> <span class='ocrx_word' id='word_1_36' title='bbox 268 1113 307 1153; x_wconf 86' lang='lat' dir='ltr'><strong>ex</strong></span> <span class='ocrx_word' id='word_1_37' title='bbox 331 1103 458 1169; x_wconf 69' lang='lat' dir='ltr'><strong>ectypo,</strong></span> <span class='ocrx_word' id='word_1_38' title='bbox 487 1098 566 1170; x_wconf 91' lang='lat' dir='ltr'><strong>quod</strong></span> <span class='ocrx_word' id='word_1_39' title='bbox 590 1105 633 1154; x_wconf 91' lang='lat' dir='ltr'><strong>est</strong></span> <span class='ocrx_word' id='word_1_40' title='bbox 655 1100 684 1155; x_wconf 95' lang='lat' dir='ltr'><strong>in</strong></span> <span class='ocrx_word' id='word_1_41' title='bbox 706 1097 900 1154; x_wconf 83' lang='lat' dir='ltr'><strong>Visoberianis</strong></span> <span class='ocrx_word' id='word_1_42' title='bbox 922 1099 1014 1152; x_wconf 90' lang='lat' dir='ltr'><strong>musci</strong></span> <span class='ocrx_word' id='word_1_43' title='bbox 1036 1097 1220 1152; x_wconf 83' lang='lat' dir='ltr'><strong>liasileensis.</strong></span> 
     </span>
    </p>
   </div>
   <div class='ocr_carea' id='block_1_3' title="bbox 62 1259 1417 1448">
    <p class='ocr_par' dir='ltr' id='par_1_4' title="bbox 62 1259 1417 1448">
     <span class='ocr_line' id='line_1_6' title="bbox 62 1259 1417 1346; baseline 0.001 -22"><span class='ocrx_word' id='word_1_44' title='bbox 62 1259 162 1340; x_wconf 77' lang='lat' dir='ltr'><strong>tit[=</strong></span> <span class='ocrx_word' id='word_1_45' title='bbox 177 1269 265 1340; x_wconf 85' lang='lat' dir='ltr'><strong>corp.</strong></span> <span class='ocrx_word' id='word_1_46' title='bbox 285 1272 297 1326; x_wconf 96' lang='lat' dir='ltr'><strong>l</strong></span> <span class='ocrx_word' id='word_1_47' title='bbox 320 1286 353 1327; x_wconf 96' lang='lat' dir='ltr'><strong>n.</strong></span> <span class='ocrx_word' id='word_1_48' title='bbox 377 1265 456 1346; x_wconf 84' lang='grc'><strong>685)</strong></span> <span class='ocrx_word' id='word_1_49' title='bbox 490 1273 572 1342; x_wconf 90' lang='lat' dir='ltr'><strong>origo</strong></span> <span class='ocrx_word' id='word_1_50' title='bbox 594 1287 652 1327; x_wconf 93' lang='lat' dir='ltr'><strong>non</strong></span> <span class='ocrx_word' id='word_1_51' title='bbox 674 1269 797 1326; x_wconf 79' lang='lat' dir='ltr'><strong>traditur</strong></span> <span class='ocrx_word' id='word_1_52' title='bbox 817 1261 913 1346; x_wconf 86' lang='lat' dir='ltr'><strong>[antea</strong></span> <span class='ocrx_word' id='word_1_53' title='bbox 936 1271 1022 1325; x_wconf 85' lang='lat' dir='ltr'><strong>Firmi</strong></span> <span class='ocrx_word' id='word_1_54' title='bbox 1044 1268 1121 1340; x_wconf 90' lang='lat' dir='ltr'><strong>apud</strong></span> <span class='ocrx_word' id='word_1_55' title='bbox 1144 1269 1307 1338; x_wconf 78' lang='lat' dir='ltr'><strong>Minicium,</strong></span> <span class='ocrx_word' id='word_1_56' title='bbox 1338 1285 1417 1326; x_wconf 89' lang='lat' dir='ltr'><strong>nunc</strong></span> 
     </span>
     <span class='ocr_line' id='line_1_7' title="bbox 103 1366 1413 1448; baseline 0.003 -22"><span class='ocrx_word' id='word_1_57' title='bbox 103 1370 231 1428; x_wconf 89' lang='lat' dir='ltr'><strong>Pemsiae</strong></span> <span class='ocrx_word' id='word_1_58' title='bbox 254 1373 337 1445; x_wconf 91' lang='lat' dir='ltr'><strong>apud</strong></span> <span class='ocrx_word' id='word_1_59' title='bbox 363 1375 507 1430; x_wconf 91' lang='lat' dir='ltr'><strong>comitem</strong></span> <span class='ocrx_word' id='word_1_60' title='bbox 525 1366 739 1448; x_wconf 79' lang='lat' dir='ltr'><strong>Bessi-Scotti].</strong></span> <span class='ocrx_word' id='word_1_61' title='bbox 780 1375 877 1444; x_wconf 89' lang='lat' dir='ltr'><strong>Longa</strong></span> <span class='ocrx_word' id='word_1_62' title='bbox 895 1376 1004 1440; x_wconf 86' lang='grc' dir='ltr'><strong>0,(ιιι,</strong></span> <span class='ocrx_word' id='word_1_63' title='bbox 1031 1387 1128 1428; x_wconf 90' lang='lat' dir='ltr'><strong>crassa</strong></span> <span class='ocrx_word' id='word_1_64' title='bbox 1145 1376 1236 1439; x_wconf 78' lang='grc' dir='ltr'><strong>0,οῊ</strong></span> <span class='ocrx_word' id='word_1_65' title='bbox 1259 1377 1288 1430; x_wconf 87' lang='grc' dir='ltr'><strong>ει</strong></span> <span class='ocrx_word' id='word_1_66' title='bbox 1305 1375 1413 1440; x_wconf 82' lang='grc' dir='ltr'><strong>ιι,018.</strong></span> 
     </span>
    </p>
   </div>
   <div class='ocr_carea' id='block_1_4' title="bbox 469 1509 1015 1632">
    <p class='ocr_par' dir='ltr' id='par_1_5' title="bbox 469 1509 1015 1632">
     <span class='ocr_line' id='line_1_8' title="bbox 469 1509 1015 1552; baseline -0.002 -1"><span class='ocrx_word' id='word_1_67' title='bbox 469 1512 494 1551; x_wconf 88' lang='lat' dir='ltr'><strong>ln</strong></span> <span class='ocrx_word' id='word_1_68' title='bbox 508 1510 596 1552; x_wconf 78' lang='lat' dir='ltr'><strong>umbra</strong></span> <span class='ocrx_word' id='word_1_69' title='bbox 609 1511 667 1552; x_wconf 78' lang='lat' dir='ltr'><strong>areis</strong></span> <span class='ocrx_word' id='word_1_70' title='bbox 682 1511 755 1550; x_wconf 87' lang='lat' dir='ltr'><strong>cultro</strong></span> <span class='ocrx_word' id='word_1_71' title='bbox 769 1511 807 1550; x_wconf 86' lang='lat' dir='ltr'><strong>rel</strong></span> <span class='ocrx_word' id='word_1_72' title='bbox 819 1509 936 1550; x_wconf 81' lang='lat' dir='ltr'><strong>inlldendo</strong></span> <span class='ocrx_word' id='word_1_73' title='bbox 949 1509 1015 1550; x_wconf 72' lang='lat' dir='ltr'><strong>tectis</strong></span> 
     </span>
     <span class='ocr_line' id='line_1_9' title="bbox 528 1578 955 1632; baseline -0.002 -12"><span class='ocrx_word' id='word_1_74' title='bbox 528 1579 621 1632; x_wconf 76' lang='lat' dir='ltr'><strong>graphio</strong></span> <span class='ocrx_word' id='word_1_75' title='bbox 635 1580 745 1632; x_wconf 83' lang='lat' dir='ltr'><strong>scripturn</strong></span> <span class='ocrx_word' id='word_1_76' title='bbox 758 1578 840 1620; x_wconf 79' lang='lat' dir='ltr'><strong>litteris</strong></span> <span class='ocrx_word' id='word_1_77' title='bbox 854 1579 955 1620; x_wconf 77' lang='lat' dir='ltr'><strong>minimis</strong></span> 
     </span>
    </p>
   </div>
   <div class='ocr_carea' id='block_1_5' title="bbox 448 1673 1050 1730">
    <p class='ocr_par' dir='ltr' id='par_1_6' title="bbox 448 1673 1050 1730">
     <span class='ocr_line' id='line_1_10' title="bbox 448 1673 1050 1730; baseline 0 -2"><span class='ocrx_word' id='word_1_78' title='bbox 448 1676 479 1729; x_wconf 83' lang='lat' dir='ltr'><strong>iu</strong></span> <span class='ocrx_word' id='word_1_79' title='bbox 503 1674 611 1730; x_wconf 82' lang='lat' dir='ltr'><strong>altero:</strong></span> <span class='ocrx_word' id='word_1_80' title='bbox 886 1675 917 1728; x_wconf 82' lang='lat' dir='ltr'><strong>in</strong></span> <span class='ocrx_word' id='word_1_81' title='bbox 939 1673 1050 1728; x_wconf 82' lang='lat' dir='ltr'><strong>oltcrc:</strong></span> 
     </span>
    </p>
   </div>
   <div class='ocr_carea' id='block_1_6' title="bbox 379 1795 1081 1944">
    <p class='ocr_par' dir='ltr' id='par_1_7' title="bbox 379 1795 1081 1944">
     <span class='ocr_line' id='line_1_11' title="bbox 379 1795 1080 1847; baseline -0.003 -7"><span class='ocrx_word' id='word_1_82' title='bbox 379 1801 399 1840; x_wconf 73' lang='lat' dir='ltr'><strong>l=</strong></span> <span class='ocrx_word' id='word_1_83' title='bbox 423 1797 542 1840; x_wconf 83' lang='grc' dir='ltr'><strong>ΔΝΤΟΝΙ</strong></span> <span class='ocrx_word' id='word_1_84' title='bbox 566 1798 669 1847; x_wconf 73' lang='grc' dir='ltr'>ΕᾼΙΝΙΙ</span> <span class='ocrx_word' id='word_1_85' title='bbox 861 1797 880 1840; x_wconf 84' lang='lat' dir='ltr'>C</span> <span class='ocrx_word' id='word_1_86' title='bbox 899 1811 906 1825; x_wconf 91' lang='lat'><strong>·</strong></span> <span class='ocrx_word' id='word_1_87' title='bbox 925 1795 1080 1840; x_wconf 74' lang='lat' dir='ltr'><strong>CAlleRVS</strong></span> 
     </span>
     <span class='ocr_line' id='line_1_12' title="bbox 380 1899 1081 1944; baseline -0.004 -1"><span class='ocrx_word' id='word_1_88' title='bbox 380 1901 520 1944; x_wconf 79' lang='lat' dir='ltr'><strong>l’llRlSTl</strong></span> <span class='ocrx_word' id='word_1_89' title='bbox 861 1899 1081 1943; x_wconf 72' lang='lat' dir='ltr'><strong>victontn</strong></span> 
     </span>
    </p>
   </div>
   <div class='ocr_carea' id='block_1_7' title="bbox 67 2013 1420 4573">
    <p class='ocr_par' dir='ltr' id='par_1_8' title="bbox 67 2013 1418 2414">
     <span class='ocr_line' id='line_1_13' title="bbox 67 2013 1417 2105; baseline 0.002 -20"><span class='ocrx_word' id='word_1_90' title='bbox 67 2031 130 2086; x_wconf 87' lang='lat' dir='ltr'><strong>Tab.</strong></span> <span class='ocrx_word' id='word_1_91' title='bbox 148 2031 187 2086; x_wconf 86' lang='lat' dir='ltr'><strong>lX</strong></span> <span class='ocrx_word' id='word_1_92' title='bbox 213 2037 222 2088; x_wconf 95' lang='grc'><strong>1</strong></span> <span class='ocrx_word' id='word_1_93' title='bbox 259 2033 381 2103; x_wconf 87' lang='lat' dir='ltr'><strong>glandis</strong></span> <span class='ocrx_word' id='word_1_94' title='bbox 404 2039 503 2103; x_wconf 87' lang='lat' dir='ltr'><strong>partes</strong></span> <span class='ocrx_word' id='word_1_95' title='bbox 529 2033 607 2089; x_wconf 90' lang='lat' dir='ltr'><strong>duae</strong></span> <span class='ocrx_word' id='word_1_96' title='bbox 629 2033 876 2105; x_wconf 88' lang='lat' dir='ltr'><strong>photograpbice,</strong></span> <span class='ocrx_word' id='word_1_97' title='bbox 913 2026 947 2088; x_wconf 72' lang='grc' dir='ltr'><strong>1α</strong></span> <span class='ocrx_word' id='word_1_98' title='bbox 970 2038 999 2088; x_wconf 84' lang='grc' dir='ltr'><strong>ει</strong></span> <span class='ocrx_word' id='word_1_99' title='bbox 1025 2013 1056 2088; x_wconf 73' lang='grc' dir='ltr'><strong>ιὁ</strong></span> <span class='ocrx_word' id='word_1_100' title='bbox 1080 2047 1113 2088; x_wconf 83' lang='lat' dir='ltr'><strong>ex</strong></span> <span class='ocrx_word' id='word_1_101' title='bbox 1138 2047 1202 2088; x_wconf 89' lang='lat' dir='ltr'><strong>mea</strong></span> <span class='ocrx_word' id='word_1_102' title='bbox 1225 2031 1417 2089; x_wconf 79' lang='lat' dir='ltr'><strong>delineatione</strong></span> 
     </span>
     <span class='ocr_line' id='line_1_14' title="bbox 69 2135 1414 2207; baseline 0.003 -18"><span class='ocrx_word' id='word_1_103' title='bbox 69 2135 261 2206; x_wconf 82' lang='lat' dir='ltr'><strong>inscriptiones</strong></span> <span class='ocrx_word' id='word_1_104' title='bbox 284 2135 476 2192; x_wconf 87' lang='lat' dir='ltr'><strong>exhibentur.</strong></span> <span class='ocrx_word' id='word_1_105' title='bbox 521 2137 680 2207; x_wconf 90' lang='lat' dir='ltr'><strong>Descripsi.</strong></span> <span class='ocrx_word' id='word_1_106' title='bbox 704 2165 748 2176; x_wconf 90' lang='lat'>-</span> <span class='ocrx_word' id='word_1_107' title='bbox 769 2135 822 2191; x_wconf 90' lang='lat' dir='ltr'><strong>Ed.</strong></span> <span class='ocrx_word' id='word_1_108' title='bbox 842 2137 883 2190; x_wconf 82' lang='lat' dir='ltr'><strong>lie</strong></span> <span class='ocrx_word' id='word_1_109' title='bbox 900 2135 1011 2192; x_wconf 88' lang='lat' dir='ltr'><strong>llinicis</strong></span> <span class='ocrx_word' id='word_1_110' title='bbox 1035 2135 1095 2190; x_wconf 90' lang='lat' dir='ltr'><strong>t.ll</strong></span> <span class='ocrx_word' id='word_1_111' title='bbox 1112 2139 1163 2203; x_wconf 86' lang='grc'><strong>51,</strong></span> <span class='ocrx_word' id='word_1_112' title='bbox 1189 2151 1220 2206; x_wconf 90' lang='lat' dir='ltr'><strong>p.</strong></span> <span class='ocrx_word' id='word_1_113' title='bbox 1242 2140 1297 2194; x_wconf 78' lang='lat' dir='ltr'><strong>ant</strong></span> <span class='ocrx_word' id='word_1_114' title='bbox 1326 2152 1355 2190; x_wconf 95' lang='lat' dir='ltr'><strong>n.</strong></span> <span class='ocrx_word' id='word_1_115' title='bbox 1380 2140 1414 2194; x_wconf 77' lang='lat' dir='ltr'><strong>tn</strong></span> 
     </span>
     <span class='ocr_line' id='line_1_15' title="bbox 69 2232 1418 2313; baseline 0.002 -23"><span class='ocrx_word' id='word_1_116' title='bbox 69 2243 94 2290; x_wconf 87' lang='lat' dir='ltr'><strong>et</strong></span> <span class='ocrx_word' id='word_1_117' title='bbox 114 2255 143 2308; x_wconf 87' lang='lat' dir='ltr'><strong>p.</strong></span> <span class='ocrx_word' id='word_1_118' title='bbox 161 2243 220 2296; x_wconf 78' lang='lat'><strong>229</strong></span> <span class='ocrx_word' id='word_1_119' title='bbox 250 2232 332 2313; x_wconf 84' lang='lat' dir='ltr'><strong>(inde</strong></span> <span class='ocrx_word' id='word_1_120' title='bbox 356 2241 515 2296; x_wconf 89' lang='lat' dir='ltr'><strong>llenzenus</strong></span> <span class='ocrx_word' id='word_1_121' title='bbox 539 2242 633 2307; x_wconf 84' lang='grc'><strong>6836,</strong></span> <span class='ocrx_word' id='word_1_122' title='bbox 659 2239 769 2294; x_wconf 87' lang='lat' dir='ltr'><strong>liitscbl</strong></span> <span class='ocrx_word' id='word_1_123' title='bbox 791 2245 812 2294; x_wconf 95' lang='grc' dir='ltr'><strong>ι.</strong></span> <span class='ocrx_word' id='word_1_124' title='bbox 831 2237 872 2293; x_wconf 89' lang='lat' dir='ltr'><strong>lX</strong></span> <span class='ocrx_word' id='word_1_125' title='bbox 889 2241 939 2306; x_wconf 83' lang='grc'><strong>31,</strong></span> <span class='ocrx_word' id='word_1_126' title='bbox 966 2239 1127 2294; x_wconf 76' lang='lat' dir='ltr'><strong>Mommsen</strong></span> <span class='ocrx_word' id='word_1_127' title='bbox 1141 2237 1259 2310; x_wconf 83' lang='lat' dir='ltr'><strong>Corpl</strong></span> <span class='ocrx_word' id='word_1_128' title='bbox 1284 2242 1355 2308; x_wconf 83' lang='grc'><strong>685,</strong></span> <span class='ocrx_word' id='word_1_129' title='bbox 1382 2253 1418 2294; x_wconf 89' lang='lat' dir='ltr'><strong>ex</strong></span> 
     </span>
     <span class='ocr_line' id='line_1_16' title="bbox 72 2335 823 2414; baseline 0 -20"><span class='ocrx_word' id='word_1_130' title='bbox 72 2339 122 2395; x_wconf 90' lang='lat' dir='ltr'><strong>boc</strong></span> <span class='ocrx_word' id='word_1_131' title='bbox 142 2340 304 2397; x_wconf 86' lang='lat' dir='ltr'><strong>Wilmanns</strong></span> <span class='ocrx_word' id='word_1_132' title='bbox 330 2343 440 2400; x_wconf 75' lang='grc' dir='ltr'><strong>282ιά</strong></span> <span class='ocrx_word' id='word_1_133' title='bbox 462 2349 491 2398; x_wconf 91' lang='grc' dir='ltr'><strong>ει</strong></span> <span class='ocrx_word' id='word_1_134' title='bbox 514 2342 690 2399; x_wconf 83' lang='lat' dir='ltr'><strong>Garrucoius</strong></span> <span class='ocrx_word' id='word_1_135' title='bbox 716 2335 823 2414; x_wconf 79' lang='lat' dir='ltr'><strong>lose).</strong></span> 
     </span>
    </p>

    <p class='ocr_par' dir='ltr' id='par_1_9' title="bbox 73 2442 1419 3032">
     <span class='ocr_line' id='line_1_17' title="bbox 148 2442 1418 2514; baseline 0.001 -16"><span class='ocrx_word' id='word_1_136' title='bbox 148 2456 236 2498; x_wconf 77' lang='lat' dir='ltr'><strong>cxcvi</strong></span> <span class='ocrx_word' id='word_1_137' title='bbox 266 2446 407 2500; x_wconf 75' lang='lat' dir='ltr'><strong>Minicius</strong></span> <span class='ocrx_word' id='word_1_138' title='bbox 435 2447 465 2500; x_wconf 95' lang='lat' dir='ltr'><strong>in</strong></span> <span class='ocrx_word' id='word_1_139' title='bbox 491 2444 565 2513; x_wconf 88' lang='lat' dir='ltr'><strong>tab.‚</strong></span> <span class='ocrx_word' id='word_1_140' title='bbox 597 2445 651 2500; x_wconf 88' lang='lat' dir='ltr'><strong>sed</strong></span> <span class='ocrx_word' id='word_1_141' title='bbox 674 2457 774 2501; x_wconf 71' lang='lat' dir='ltr'><strong>casim</strong></span> <span class='ocrx_word' id='word_1_142' title='bbox 804 2445 834 2499; x_wconf 93' lang='lat' dir='ltr'><strong>in</strong></span> <span class='ocrx_word' id='word_1_143' title='bbox 857 2459 983 2511; x_wconf 82' lang='lat' dir='ltr'><strong>comm,</strong></span> <span class='ocrx_word' id='word_1_144' title='bbox 1015 2449 1111 2512; x_wconf 90' lang='lat' dir='ltr'><strong>recte,</strong></span> <span class='ocrx_word' id='word_1_145' title='bbox 1147 2443 1175 2498; x_wconf 91' lang='lat' dir='ltr'><strong>id</strong></span> <span class='ocrx_word' id='word_1_146' title='bbox 1204 2443 1283 2513; x_wconf 87' lang='lat' dir='ltr'><strong>quod</strong></span> <span class='ocrx_word' id='word_1_147' title='bbox 1313 2442 1418 2514; x_wconf 81' lang='lat' dir='ltr'><strong>glande</strong></span> 
     </span>
     <span class='ocr_line' id='line_1_18' title="bbox 74 2546 1418 2617; baseline 0 -17"><span class='ocrx_word' id='word_1_148' title='bbox 74 2546 157 2600; x_wconf 90' lang='lat' dir='ltr'><strong>oculis</strong></span> <span class='ocrx_word' id='word_1_149' title='bbox 178 2547 295 2602; x_wconf 91' lang='lat' dir='ltr'><strong>intentis</strong></span> <span class='ocrx_word' id='word_1_150' title='bbox 320 2551 487 2604; x_wconf 92' lang='lat' dir='ltr'><strong>examinata</strong></span> <span class='ocrx_word' id='word_1_151' title='bbox 509 2546 637 2604; x_wconf 80' lang='lat' dir='ltr'><strong>intellexi</strong></span> <span class='ocrx_word' id='word_1_152' title='bbox 652 2554 681 2604; x_wconf 92' lang='grc' dir='ltr'><strong>ει</strong></span> <span class='ocrx_word' id='word_1_153' title='bbox 701 2549 793 2602; x_wconf 86' lang='lat' dir='ltr'><strong>cuivis</strong></span> <span class='ocrx_word' id='word_1_154' title='bbox 808 2547 878 2602; x_wconf 82' lang='lat' dir='ltr'><strong>satis</strong></span> <span class='ocrx_word' id='word_1_155' title='bbox 901 2546 1017 2602; x_wconf 85' lang='lat' dir='ltr'><strong>oculato</strong></span> <span class='ocrx_word' id='word_1_156' title='bbox 1032 2561 1148 2602; x_wconf 89' lang='lat' dir='ltr'><strong>mecum</strong></span> <span class='ocrx_word' id='word_1_157' title='bbox 1169 2546 1303 2616; x_wconf 81' lang='lat' dir='ltr'><strong>glandem</strong></span> <span class='ocrx_word' id='word_1_158' title='bbox 1326 2547 1418 2617; x_wconf 87' lang='lat' dir='ltr'><strong>ipsam</strong></span> 
     </span>
     <span class='ocr_line' id='line_1_19' title="bbox 73 2647 1418 2720; baseline 0.003 -19"><span class='ocrx_word' id='word_1_159' title='bbox 73 2648 228 2718; x_wconf 85' lang='lat' dir='ltr'><strong>inspecturo</strong></span> <span class='ocrx_word' id='word_1_160' title='bbox 251 2665 466 2720; x_wconf 90' lang='lat' dir='ltr'><strong>persuasurum</strong></span> <span class='ocrx_word' id='word_1_161' title='bbox 489 2667 537 2707; x_wconf 90' lang='lat' dir='ltr'><strong>me</strong></span> <span class='ocrx_word' id='word_1_162' title='bbox 561 2665 628 2707; x_wconf 86' lang='lat' dir='ltr'><strong>esse</strong></span> <span class='ocrx_word' id='word_1_163' title='bbox 651 2649 776 2708; x_wconf 90' lang='lat' dir='ltr'><strong>conlido.</strong></span> <span class='ocrx_word' id='word_1_164' title='bbox 824 2647 948 2706; x_wconf 89' lang='lat' dir='ltr'><strong>Omnino</strong></span> <span class='ocrx_word' id='word_1_165' title='bbox 978 2651 1054 2705; x_wconf 88' lang='lat' dir='ltr'><strong>enim</strong></span> <span class='ocrx_word' id='word_1_166' title='bbox 1086 2665 1158 2705; x_wconf 90' lang='lat' dir='ltr'><strong>cave</strong></span> <span class='ocrx_word' id='word_1_167' title='bbox 1187 2649 1216 2704; x_wconf 92' lang='lat' dir='ltr'><strong>in</strong></span> <span class='ocrx_word' id='word_1_168' title='bbox 1245 2647 1353 2704; x_wconf 90' lang='lat' dir='ltr'><strong>talibus</strong></span> <span class='ocrx_word' id='word_1_169' title='bbox 1381 2663 1418 2705; x_wconf 88' lang='lat' dir='ltr'><strong>ne</strong></span> 
     </span>
     <span class='ocr_line' id='line_1_20' title="bbox 77 2751 1419 2825; baseline 0.002 -21"><span class='ocrx_word' id='word_1_170' title='bbox 77 2757 180 2808; x_wconf 85' lang='lat' dir='ltr'><strong>exstare</strong></span> <span class='ocrx_word' id='word_1_171' title='bbox 201 2753 308 2809; x_wconf 89' lang='lat' dir='ltr'><strong>ductus</strong></span> <span class='ocrx_word' id='word_1_172' title='bbox 331 2771 349 2810; x_wconf 88' lang='lat' dir='ltr'><strong>a</strong></span> <span class='ocrx_word' id='word_1_173' title='bbox 372 2769 421 2809; x_wconf 92' lang='lat' dir='ltr'><strong>me</strong></span> <span class='ocrx_word' id='word_1_174' title='bbox 444 2755 574 2811; x_wconf 86' lang='lat' dir='ltr'><strong>detectos</strong></span> <span class='ocrx_word' id='word_1_175' title='bbox 595 2767 795 2825; x_wconf 87' lang='lat' dir='ltr'><strong>praepropere</strong></span> <span class='ocrx_word' id='word_1_176' title='bbox 818 2768 918 2824; x_wconf 81' lang='lat' dir='ltr'><strong>neges,</strong></span> <span class='ocrx_word' id='word_1_177' title='bbox 944 2752 1023 2823; x_wconf 91' lang='lat' dir='ltr'><strong>quod</strong></span> <span class='ocrx_word' id='word_1_178' title='bbox 1044 2767 1114 2808; x_wconf 92' lang='lat' dir='ltr'><strong>sane</strong></span> <span class='ocrx_word' id='word_1_179' title='bbox 1136 2759 1181 2808; x_wconf 89' lang='lat' dir='ltr'><strong>est</strong></span> <span class='ocrx_word' id='word_1_180' title='bbox 1194 2753 1285 2808; x_wconf 83' lang='lat' dir='ltr'><strong>multo</strong></span> <span class='ocrx_word' id='word_1_181' title='bbox 1309 2751 1419 2808; x_wconf 81' lang='lat' dir='ltr'><strong>facilius</strong></span> 
     </span>
     <span class='ocr_line' id='line_1_21' title="bbox 76 2853 1414 2929; baseline 0 -21"><span class='ocrx_word' id='word_1_182' title='bbox 76 2869 154 2924; x_wconf 83' lang='lat' dir='ltr'><strong>quam</strong></span> <span class='ocrx_word' id='word_1_183' title='bbox 175 2870 224 2928; x_wconf 88' lang='lat' dir='ltr'><strong>ea,</strong></span> <span class='ocrx_word' id='word_1_184' title='bbox 259 2872 339 2928; x_wconf 87' lang='lat' dir='ltr'><strong>quae</strong></span> <span class='ocrx_word' id='word_1_185' title='bbox 363 2873 381 2912; x_wconf 88' lang='lat' dir='ltr'>a</span> <span class='ocrx_word' id='word_1_186' title='bbox 403 2873 451 2912; x_wconf 93' lang='lat' dir='ltr'><strong>me</strong></span> <span class='ocrx_word' id='word_1_187' title='bbox 475 2863 589 2929; x_wconf 84' lang='lat' dir='ltr'><strong>reperta</strong></span> <span class='ocrx_word' id='word_1_188' title='bbox 612 2862 689 2924; x_wconf 88' lang='lat' dir='ltr'><strong>sunt,</strong></span> <span class='ocrx_word' id='word_1_189' title='bbox 715 2856 813 2911; x_wconf 92' lang='lat' dir='ltr'><strong>denuo</strong></span> <span class='ocrx_word' id='word_1_190' title='bbox 837 2856 976 2926; x_wconf 90' lang='lat' dir='ltr'><strong>reperire.</strong></span> <span class='ocrx_word' id='word_1_191' title='bbox 1024 2853 1104 2923; x_wconf 86' lang='lat' dir='ltr'><strong>Quae</strong></span> <span class='ocrx_word' id='word_1_192' title='bbox 1126 2860 1281 2926; x_wconf 86' lang='lat' dir='ltr'><strong>propterea</strong></span> <span class='ocrx_word' id='word_1_193' title='bbox 1305 2853 1414 2920; x_wconf 92' lang='lat' dir='ltr'><strong>monui,</strong></span> 
     </span>
     <span class='ocr_line' id='line_1_22' title="bbox 78 2957 1152 3032; baseline -0.001 -20"><span class='ocrx_word' id='word_1_194' title='bbox 78 2957 148 3027; x_wconf 85' lang='lat' dir='ltr'><strong>quod</strong></span> <span class='ocrx_word' id='word_1_195' title='bbox 169 2960 279 3016; x_wconf 91' lang='lat' dir='ltr'><strong>amicus</strong></span> <span class='ocrx_word' id='word_1_196' title='bbox 303 2959 427 3032; x_wconf 87' lang='lat' dir='ltr'><strong>quidam</strong></span> <span class='ocrx_word' id='word_1_197' title='bbox 449 2959 586 3017; x_wconf 90' lang='lat' dir='ltr'><strong>lineolam</strong></span> <span class='ocrx_word' id='word_1_198' title='bbox 609 2959 685 3014; x_wconf 93' lang='lat' dir='ltr'><strong>illam</strong></span> <span class='ocrx_word' id='word_1_199' title='bbox 708 2975 740 3014; x_wconf 89' lang='lat' dir='ltr'><strong>se</strong></span> <span class='ocrx_word' id='word_1_200' title='bbox 762 2960 894 3028; x_wconf 89' lang='lat' dir='ltr'><strong>reperire</strong></span> <span class='ocrx_word' id='word_1_201' title='bbox 916 2973 1002 3029; x_wconf 90' lang='lat' dir='ltr'><strong>posse</strong></span> <span class='ocrx_word' id='word_1_202' title='bbox 1026 2959 1152 3029; x_wconf 84' lang='lat' dir='ltr'><strong>negavit.</strong></span> 
     </span>
    </p>

    <p class='ocr_par' dir='ltr' id='par_1_10' title="bbox 80 3054 1419 3647">
     <span class='ocr_line' id='line_1_23' title="bbox 154 3054 1418 3138; baseline -0.002 -22"><span class='ocrx_word' id='word_1_203' title='bbox 154 3061 184 3116; x_wconf 84' lang='lat' dir='ltr'><strong>L.</strong></span> <span class='ocrx_word' id='word_1_204' title='bbox 208 3061 315 3118; x_wconf 76' lang='lat' dir='ltr'><strong>Antoni</strong></span> <span class='ocrx_word' id='word_1_205' title='bbox 338 3062 436 3130; x_wconf 85' lang='lat' dir='ltr'><strong>coloe,</strong></span> <span class='ocrx_word' id='word_1_206' title='bbox 460 3064 562 3136; x_wconf 80' lang='lat' dir='ltr'><strong>peristi</strong></span> <span class='ocrx_word' id='word_1_207' title='bbox 585 3063 614 3120; x_wconf 83' lang='lat' dir='ltr'><strong>G.</strong></span> <span class='ocrx_word' id='word_1_208' title='bbox 637 3063 775 3120; x_wconf 70' lang='lat' dir='ltr'><strong>Caesones</strong></span> <span class='ocrx_word' id='word_1_209' title='bbox 801 3054 862 3138; x_wconf 78' lang='lat' dir='ltr'><strong>(sia)</strong></span> <span class='ocrx_word' id='word_1_210' title='bbox 889 3063 1022 3116; x_wconf 84' lang='lat' dir='ltr'><strong>uictoria.</strong></span> <span class='ocrx_word' id='word_1_211' title='bbox 1048 3059 1229 3129; x_wconf 85' lang='lat' dir='ltr'><strong>Quibuscum</strong></span> <span class='ocrx_word' id='word_1_212' title='bbox 1253 3059 1418 3130; x_wconf 85' lang='lat' dir='ltr'><strong>inscriptio-</strong></span> 
     </span>
     <span class='ocr_line' id='line_1_24' title="bbox 80 3163 1419 3237; baseline 0.001 -22"><span class='ocrx_word' id='word_1_213' title='bbox 80 3177 139 3216; x_wconf 91' lang='lat' dir='ltr'><strong>nem</strong></span> <span class='ocrx_word' id='word_1_214' title='bbox 170 3166 355 3234; x_wconf 86' lang='lat' dir='ltr'><strong>parietariam</strong></span> <span class='ocrx_word' id='word_1_215' title='bbox 386 3165 590 3237; x_wconf 90' lang='lat' dir='ltr'><strong>Pompeianam</strong></span> <span class='ocrx_word' id='word_1_216' title='bbox 620 3165 709 3237; x_wconf 86' lang='lat' dir='ltr'><strong>Corp.</strong></span> <span class='ocrx_word' id='word_1_217' title='bbox 734 3164 769 3220; x_wconf 82' lang='lat' dir='ltr'><strong>IV</strong></span> <span class='ocrx_word' id='word_1_218' title='bbox 803 3167 882 3222; x_wconf 79' lang='grc'><strong>1293</strong></span> <span class='ocrx_word' id='word_1_219' title='bbox 920 3163 1072 3236; x_wconf 84' lang='lat' dir='ltr'><strong>Campani,</strong></span> <span class='ocrx_word' id='word_1_220' title='bbox 1109 3165 1231 3218; x_wconf 85' lang='lat' dir='ltr'><strong>victorio</strong></span> <span class='ocrx_word' id='word_1_221' title='bbox 1264 3179 1322 3216; x_wconf 83' lang='lat' dir='ltr'><strong>uua</strong></span> <span class='ocrx_word' id='word_1_222' title='bbox 1355 3177 1419 3216; x_wconf 84' lang='lat' dir='ltr'><strong>cum</strong></span> 
     </span>
     <span class='ocr_line' id='line_1_25' title="bbox 80 3263 1418 3340; baseline -0.001 -22"><span class='ocrx_word' id='word_1_223' title='bbox 80 3263 215 3321; x_wconf 77' lang='lat' dir='ltr'><strong>Nucerinis</strong></span> <span class='ocrx_word' id='word_1_224' title='bbox 233 3270 354 3340; x_wconf 84' lang='lat' dir='ltr'><strong>peristis</strong></span> <span class='ocrx_word' id='word_1_225' title='bbox 368 3269 500 3339; x_wconf 84' lang='lat' dir='ltr'><strong>apposite</strong></span> <span class='ocrx_word' id='word_1_226' title='bbox 516 3267 636 3324; x_wconf 86' lang='lat' dir='ltr'><strong>contulit</strong></span> <span class='ocrx_word' id='word_1_227' title='bbox 650 3268 792 3324; x_wconf 88' lang='lat' dir='ltr'><strong>llinieius.</strong></span> <span class='ocrx_word' id='word_1_228' title='bbox 818 3294 862 3306; x_wconf 89' lang='lat'>-</span> <span class='ocrx_word' id='word_1_229' title='bbox 883 3265 955 3322; x_wconf 87' lang='lat' dir='ltr'><strong>Cum</strong></span> <span class='ocrx_word' id='word_1_230' title='bbox 973 3267 1110 3322; x_wconf 81' lang='lat' dir='ltr'><strong>Caesarue</strong></span> <span class='ocrx_word' id='word_1_231' title='bbox 1131 3264 1168 3321; x_wconf 90' lang='lat' dir='ltr'><strong>cl.</strong></span> <span class='ocrx_word' id='word_1_232' title='bbox 1187 3264 1290 3320; x_wconf 91' lang='lat' dir='ltr'><strong>similia</strong></span> <span class='ocrx_word' id='word_1_233' title='bbox 1305 3263 1418 3334; x_wconf 81' lang='lat' dir='ltr'><strong>Corpl</strong></span> 
     </span>
     <span class='ocr_line' id='line_1_26' title="bbox 81 3366 1419 3446; baseline -0.002 -23"><span class='ocrx_word' id='word_1_234' title='bbox 81 3380 106 3434; x_wconf 94' lang='lat' dir='ltr'><strong>p.</strong></span> <span class='ocrx_word' id='word_1_235' title='bbox 123 3370 176 3446; x_wconf 79' lang='grc'><strong>8118</strong></span> <span class='ocrx_word' id='word_1_236' title='bbox 193 3369 283 3427; x_wconf 81' lang='lat' dir='ltr'><strong>col.2</strong></span> <span class='ocrx_word' id='word_1_237' title='bbox 310 3373 489 3440; x_wconf 84' lang='lat' dir='ltr'><strong>compositn;</strong></span> <span class='ocrx_word' id='word_1_238' title='bbox 515 3369 680 3441; x_wconf 86' lang='lat' dir='ltr'><strong>exemplum</strong></span> <span class='ocrx_word' id='word_1_239' title='bbox 704 3373 790 3426; x_wconf 85' lang='lat' dir='ltr'><strong>etiam</strong></span> <span class='ocrx_word' id='word_1_240' title='bbox 810 3371 955 3439; x_wconf 89' lang='lat' dir='ltr'><strong>posterius</strong></span> <span class='ocrx_word' id='word_1_241' title='bbox 978 3367 1101 3438; x_wconf 90' lang='lat' dir='ltr'><strong>praebet</strong></span> <span class='ocrx_word' id='word_1_242' title='bbox 1123 3369 1271 3438; x_wconf 84' lang='lat' dir='ltr'><strong>inscriptio</strong></span> <span class='ocrx_word' id='word_1_243' title='bbox 1286 3366 1419 3436; x_wconf 89' lang='lat' dir='ltr'><strong>Pompeis</strong></span> 
     </span>
     <span class='ocr_line' id='line_1_27' title="bbox 82 3469 1419 3545; baseline -0.003 -20"><span class='ocrx_word' id='word_1_244' title='bbox 82 3473 169 3527; x_wconf 70' lang='lat' dir='ltr'><strong>alst</strong></span> <span class='ocrx_word' id='word_1_245' title='bbox 202 3474 383 3545; x_wconf 84' lang='lat' dir='ltr'><strong>scariphata,</strong></span> <span class='ocrx_word' id='word_1_246' title='bbox 417 3475 447 3528; x_wconf 92' lang='lat' dir='ltr'><strong>in</strong></span> <span class='ocrx_word' id='word_1_247' title='bbox 478 3488 536 3543; x_wconf 85' lang='lat' dir='ltr'><strong>qua</strong></span> <span class='ocrx_word' id='word_1_248' title='bbox 565 3479 609 3529; x_wconf 89' lang='lat' dir='ltr'><strong>est</strong></span> <span class='ocrx_word' id='word_1_249' title='bbox 638 3490 722 3530; x_wconf 69' lang='lat' dir='ltr'><strong>eous</strong></span> <span class='ocrx_word' id='word_1_250' title='bbox 744 3474 830 3544; x_wconf 85' lang='lat' dir='ltr'><strong>Corp.</strong></span> <span class='ocrx_word' id='word_1_251' title='bbox 849 3473 884 3528; x_wconf 86' lang='lat' dir='ltr'><strong>lli</strong></span> <span class='ocrx_word' id='word_1_252' title='bbox 906 3489 936 3528; x_wconf 87' lang='lat' dir='ltr'><strong>n.</strong></span> <span class='ocrx_word' id='word_1_253' title='bbox 957 3473 1051 3530; x_wconf 74' lang='grc'><strong>21111.</strong></span> <span class='ocrx_word' id='word_1_254' title='bbox 1078 3500 1119 3511; x_wconf 93' lang='grc'>-</span> <span class='ocrx_word' id='word_1_255' title='bbox 1143 3471 1220 3527; x_wconf 87' lang='lat' dir='ltr'><strong>luter</strong></span> <span class='ocrx_word' id='word_1_256' title='bbox 1243 3469 1315 3525; x_wconf 90' lang='lat' dir='ltr'><strong>duas</strong></span> <span class='ocrx_word' id='word_1_257' title='bbox 1337 3483 1419 3523; x_wconf 90' lang='lat' dir='ltr'><strong>areas</strong></span> 
     </span>
     <span class='ocr_line' id='line_1_28' title="bbox 82 3569 1145 3647; baseline 0.004 -23"><span class='ocrx_word' id='word_1_258' title='bbox 82 3569 228 3629; x_wconf 87' lang='lat' dir='ltr'><strong>ludibunda</strong></span> <span class='ocrx_word' id='word_1_259' title='bbox 249 3591 339 3631; x_wconf 90' lang='lat' dir='ltr'><strong>manu</strong></span> <span class='ocrx_word' id='word_1_260' title='bbox 364 3575 547 3647; x_wconf 89' lang='lat' dir='ltr'><strong>scariphatae</strong></span> <span class='ocrx_word' id='word_1_261' title='bbox 570 3582 639 3632; x_wconf 91' lang='lat' dir='ltr'><strong>sunt</strong></span> <span class='ocrx_word' id='word_1_262' title='bbox 660 3576 734 3632; x_wconf 76' lang='lat' dir='ltr'><strong>duae</strong></span> <span class='ocrx_word' id='word_1_263' title='bbox 758 3591 777 3632; x_wconf 78' lang='lat' dir='ltr'><strong>u</strong></span> <span class='ocrx_word' id='word_1_264' title='bbox 799 3577 860 3632; x_wconf 88' lang='lat' dir='ltr'><strong>lere</strong></span> <span class='ocrx_word' id='word_1_265' title='bbox 884 3575 1033 3631; x_wconf 89' lang='lat' dir='ltr'><strong>cursivae:</strong></span> <span class='ocrx_word' id='word_1_266' title='bbox 1075 3589 1145 3631; x_wconf 89' lang='lat' dir='ltr'><strong>un.</strong></span> 
     </span>
    </p>

    <p class='ocr_par' dir='ltr' id='par_1_11' title="bbox 85 3673 1420 4573">
     <span class='ocr_line' id='line_1_29' title="bbox 159 3673 1420 3748; baseline -0.004 -16"><span class='ocrx_word' id='word_1_267' title='bbox 159 3675 306 3734; x_wconf 77' lang='lat' dir='ltr'><strong>Calvitiem</strong></span> <span class='ocrx_word' id='word_1_268' title='bbox 329 3679 359 3732; x_wconf 88' lang='lat' dir='ltr'><strong>L.</strong></span> <span class='ocrx_word' id='word_1_269' title='bbox 377 3677 507 3748; x_wconf 76' lang='lat' dir='ltr'><strong>Antonii,</strong></span> <span class='ocrx_word' id='word_1_270' title='bbox 535 3693 611 3748; x_wconf 87' lang='lat' dir='ltr'><strong>quae</strong></span> <span class='ocrx_word' id='word_1_271' title='bbox 634 3681 661 3734; x_wconf 95' lang='lat' dir='ltr'><strong>ei</strong></span> <span class='ocrx_word' id='word_1_272' title='bbox 683 3679 738 3735; x_wconf 91' lang='lat' dir='ltr'><strong>hac</strong></span> <span class='ocrx_word' id='word_1_273' title='bbox 762 3684 791 3734; x_wconf 88' lang='lat' dir='ltr'><strong>at</strong></span> <span class='ocrx_word' id='word_1_274' title='bbox 813 3677 975 3748; x_wconf 85' lang='lat' dir='ltr'><strong>insequenti</strong></span> <span class='ocrx_word' id='word_1_275' title='bbox 998 3675 1102 3746; x_wconf 83' lang='lat' dir='ltr'><strong>glande</strong></span> <span class='ocrx_word' id='word_1_276' title='bbox 1125 3673 1329 3746; x_wconf 86' lang='lat' dir='ltr'><strong>exprobratur,</strong></span> <span class='ocrx_word' id='word_1_277' title='bbox 1362 3687 1420 3730; x_wconf 93' lang='lat' dir='ltr'><strong>non</strong></span> 
     </span>
     <span class='ocr_line' id='line_1_30' title="bbox 85 3770 1420 3855; baseline 0.001 -25"><span class='ocrx_word' id='word_1_278' title='bbox 85 3787 232 3836; x_wconf 89' lang='lat' dir='ltr'><strong>memorant</strong></span> <span class='ocrx_word' id='word_1_279' title='bbox 259 3783 420 3852; x_wconf 87' lang='lat' dir='ltr'><strong>scriptores</strong></span> <span class='ocrx_word' id='word_1_280' title='bbox 450 3779 500 3835; x_wconf 92' lang='lat' dir='ltr'><strong>sed</strong></span> <span class='ocrx_word' id='word_1_281' title='bbox 528 3781 681 3838; x_wconf 76' lang='lat' dir='ltr'><strong>manifeste</strong></span> <span class='ocrx_word' id='word_1_282' title='bbox 710 3787 851 3839; x_wconf 85' lang='lat' dir='ltr'><strong>monstrat</strong></span> <span class='ocrx_word' id='word_1_283' title='bbox 878 3794 985 3834; x_wconf 89' lang='lat' dir='ltr'><strong>aureus</strong></span> <span class='ocrx_word' id='word_1_284' title='bbox 1013 3773 1121 3855; x_wconf 83' lang='lat' dir='ltr'><strong>(Ceben</strong></span> <span class='ocrx_word' id='word_1_285' title='bbox 1143 3777 1264 3835; x_wconf 88' lang='lat' dir='ltr'><strong>Cocceia</strong></span> <span class='ocrx_word' id='word_1_286' title='bbox 1291 3770 1316 3852; x_wconf 95' lang='grc'><strong>1)</strong></span> <span class='ocrx_word' id='word_1_287' title='bbox 1343 3790 1420 3832; x_wconf 93' lang='lat' dir='ltr'><strong>anno</strong></span> 
     </span>
     <span class='ocr_line' id='line_1_31' title="bbox 88 3879 1420 3954; baseline -0.002 -20"><span class='ocrx_word' id='word_1_288' title='bbox 88 3882 138 3936; x_wconf 84' lang='grc'><strong>113</strong></span> <span class='ocrx_word' id='word_1_289' title='bbox 164 3883 182 3936; x_wconf 90' lang='lat' dir='ltr'><strong>i.</strong></span> <span class='ocrx_word' id='word_1_290' title='bbox 206 3899 233 3939; x_wconf 87' lang='lat' dir='ltr'><strong>c.</strong></span> <span class='ocrx_word' id='word_1_291' title='bbox 258 3883 365 3941; x_wconf 86' lang='lat' dir='ltr'><strong>eodem</strong></span> <span class='ocrx_word' id='word_1_292' title='bbox 394 3899 453 3954; x_wconf 90' lang='lat' dir='ltr'><strong>quo</strong></span> <span class='ocrx_word' id='word_1_293' title='bbox 482 3883 600 3940; x_wconf 90' lang='lat' dir='ltr'><strong>Perusia</strong></span> <span class='ocrx_word' id='word_1_294' title='bbox 632 3882 761 3940; x_wconf 90' lang='lat' dir='ltr'><strong>obsideri</strong></span> <span class='ocrx_word' id='word_1_295' title='bbox 792 3889 895 3954; x_wconf 83' lang='lat' dir='ltr'><strong>coepta</strong></span> <span class='ocrx_word' id='word_1_296' title='bbox 925 3887 969 3937; x_wconf 88' lang='lat' dir='ltr'><strong>est</strong></span> <span class='ocrx_word' id='word_1_297' title='bbox 998 3896 1135 3938; x_wconf 87' lang='lat' dir='ltr'><strong>excusus.</strong></span> <span class='ocrx_word' id='word_1_298' title='bbox 1188 3881 1220 3935; x_wconf 94' lang='lat' dir='ltr'><strong>ln</strong></span> <span class='ocrx_word' id='word_1_299' title='bbox 1250 3881 1312 3935; x_wconf 87' lang='lat' dir='ltr'><strong>eius</strong></span> <span class='ocrx_word' id='word_1_300' title='bbox 1343 3879 1420 3933; x_wconf 89' lang='lat' dir='ltr'><strong>enim</strong></span> 
     </span>
     <span class='ocr_line' id='line_1_32' title="bbox 85 3974 1419 4061; baseline -0.004 -22"><span class='ocrx_word' id='word_1_301' title='bbox 85 3981 242 4051; x_wconf 83' lang='lat' dir='ltr'><strong>quibusdam</strong></span> <span class='ocrx_word' id='word_1_302' title='bbox 269 3985 487 4057; x_wconf 81' lang='lat' dir='ltr'><strong>exemplaribus</strong></span> <span class='ocrx_word' id='word_1_303' title='bbox 515 3979 582 4061; x_wconf 87' lang='lat' dir='ltr'><strong>(non</strong></span> <span class='ocrx_word' id='word_1_304' title='bbox 613 3989 642 4042; x_wconf 91' lang='lat' dir='ltr'><strong>in</strong></span> <span class='ocrx_word' id='word_1_305' title='bbox 669 3977 844 4060; x_wconf 77' lang='lat' dir='ltr'><strong>Cobeniano]</strong></span> <span class='ocrx_word' id='word_1_306' title='bbox 875 3983 938 4052; x_wconf 83' lang='lat' dir='ltr'><strong>bie,</strong></span> <span class='ocrx_word' id='word_1_307' title='bbox 972 3983 1080 4055; x_wconf 88' lang='lat' dir='ltr'><strong>quibus</strong></span> <span class='ocrx_word' id='word_1_308' title='bbox 1102 3985 1144 4038; x_wconf 83' lang='lat' dir='ltr'><strong>uti</strong></span> <span class='ocrx_word' id='word_1_309' title='bbox 1171 3984 1252 4053; x_wconf 89' lang='lat' dir='ltr'><strong>potui</strong></span> <span class='ocrx_word' id='word_1_310' title='bbox 1286 3974 1311 4056; x_wconf 94' lang='grc'><strong>1)</strong></span> <span class='ocrx_word' id='word_1_311' title='bbox 1341 3979 1419 4051; x_wconf 91' lang='lat' dir='ltr'><strong>apud</strong></span> 
     </span>
     <span class='ocr_line' id='line_1_33' title="bbox 89 4081 1415 4162; baseline -0.003 -20"><span class='ocrx_word' id='word_1_312' title='bbox 89 4083 245 4145; x_wconf 82' lang='lat' dir='ltr'><strong>l&#39;iscontium</strong></span> <span class='ocrx_word' id='word_1_313' title='bbox 260 4091 397 4160; x_wconf 85' lang='lat' dir='ltr'><strong>lcouogr.</strong></span> <span class='ocrx_word' id='word_1_314' title='bbox 412 4089 550 4156; x_wconf 81' lang='lat' dir='ltr'><strong>Romana,</strong></span> <span class='ocrx_word' id='word_1_315' title='bbox 574 4081 602 4162; x_wconf 79' lang='grc' dir='ltr'><strong>ι)</strong></span> <span class='ocrx_word' id='word_1_316' title='bbox 623 4089 700 4161; x_wconf 91' lang='lat' dir='ltr'><strong>apud</strong></span> <span class='ocrx_word' id='word_1_317' title='bbox 716 4088 933 4156; x_wconf 89' lang='lat' dir='ltr'><strong>Bemouillium,</strong></span> <span class='ocrx_word' id='word_1_318' title='bbox 953 4088 1049 4142; x_wconf 85' lang='lat' dir='ltr'><strong>licem.</strong></span> <span class='ocrx_word' id='word_1_319' title='bbox 1064 4086 1198 4157; x_wconf 78' lang='lat' dir='ltr'><strong>llconopr.</strong></span> <span class='ocrx_word' id='word_1_320' title='bbox 1214 4086 1225 4140; x_wconf 98' lang='lat' dir='ltr'><strong>l</strong></span> <span class='ocrx_word' id='word_1_321' title='bbox 1240 4083 1300 4140; x_wconf 85' lang='lat' dir='ltr'><strong>tab.</strong></span> <span class='ocrx_word' id='word_1_322' title='bbox 1316 4081 1352 4138; x_wconf 82' lang='lat' dir='ltr'><strong>lV</strong></span> <span class='ocrx_word' id='word_1_323' title='bbox 1366 4087 1415 4152; x_wconf 86' lang='grc'><strong>98,</strong></span> 
     </span>
     <span class='ocr_line' id='line_1_34' title="bbox 89 4167 1420 4263; baseline -0.004 -19"><span class='ocrx_word' id='word_1_324' title='bbox 89 4181 112 4260; x_wconf 81' lang='grc'><strong>1)</strong></span> <span class='ocrx_word' id='word_1_325' title='bbox 135 4195 220 4246; x_wconf 88' lang='lat' dir='ltr'><strong>musei</strong></span> <span class='ocrx_word' id='word_1_326' title='bbox 239 4191 448 4260; x_wconf 76' lang='lat' dir='ltr'><strong>berolinensis,</strong></span> <span class='ocrx_word' id='word_1_327' title='bbox 475 4167 558 4248; x_wconf 79' lang='lat' dir='ltr'><strong>cuins</strong></span> <span class='ocrx_word' id='word_1_328' title='bbox 582 4197 686 4263; x_wconf 85' lang='lat' dir='ltr'><strong>ectypa</strong></span> <span class='ocrx_word' id='word_1_329' title='bbox 708 4191 778 4246; x_wconf 90' lang='lat' dir='ltr'><strong>mibi</strong></span> <span class='ocrx_word' id='word_1_330' title='bbox 800 4191 878 4246; x_wconf 86' lang='lat' dir='ltr'><strong>misit</strong></span> <span class='ocrx_word' id='word_1_331' title='bbox 900 4188 1157 4256; x_wconf 81' lang='lat' dir='ltr'><strong>Friedlaeuderus,</strong></span> <span class='ocrx_word' id='word_1_332' title='bbox 1185 4181 1213 4262; x_wconf 87' lang='grc'><strong>1)</strong></span> <span class='ocrx_word' id='word_1_333' title='bbox 1241 4187 1334 4243; x_wconf 88' lang='lat' dir='ltr'><strong>musei</strong></span> <span class='ocrx_word' id='word_1_334' title='bbox 1355 4186 1420 4240; x_wconf 91' lang='lat' dir='ltr'><strong>Bri-</strong></span> 
     </span>
     <span class='ocr_line' id='line_1_35' title="bbox 89 4287 1415 4368; baseline 0.002 -26"><span class='ocrx_word' id='word_1_335' title='bbox 89 4291 180 4348; x_wconf 88' lang='lat' dir='ltr'><strong>tannici</strong></span> <span class='ocrx_word' id='word_1_336' title='bbox 211 4289 305 4368; x_wconf 80' lang='lat' dir='ltr'><strong>(poids</strong></span> <span class='ocrx_word' id='word_1_337' title='bbox 333 4302 362 4351; x_wconf 89' lang='lat' dir='ltr'><strong>to</strong></span> <span class='ocrx_word' id='word_1_338' title='bbox 394 4295 439 4350; x_wconf 84' lang='lat' dir='ltr'><strong>tle</strong></span> <span class='ocrx_word' id='word_1_339' title='bbox 466 4293 549 4350; x_wconf 83' lang='lat' dir='ltr'><strong>select</strong></span> <span class='ocrx_word' id='word_1_340' title='bbox 576 4294 661 4365; x_wconf 76' lang='lat' dir='ltr'><strong>grecis</strong></span> <span class='ocrx_word' id='word_1_341' title='bbox 691 4295 749 4350; x_wconf 84' lang='lat' dir='ltr'><strong>ond</strong></span> <span class='ocrx_word' id='word_1_342' title='bbox 776 4311 849 4349; x_wconf 84' lang='lat' dir='ltr'><strong>rom.</strong></span> <span class='ocrx_word' id='word_1_343' title='bbox 874 4295 951 4348; x_wconf 79' lang='lat' dir='ltr'><strong>coins</strong></span> <span class='ocrx_word' id='word_1_344' title='bbox 977 4296 1056 4349; x_wconf 88' lang='grc'><strong>1880</strong></span> <span class='ocrx_word' id='word_1_345' title='bbox 1083 4293 1211 4363; x_wconf 79' lang='lat' dir='ltr'><strong>pili:</strong></span> <span class='ocrx_word' id='word_1_346' title='bbox 1249 4287 1415 4359; x_wconf 64' lang='lat' dir='ltr'><strong>lilim),</strong></span> 
     </span>
     <span class='ocr_line' id='line_1_36' title="bbox 89 4393 1420 4470; baseline 0.002 -26"><span class='ocrx_word' id='word_1_347' title='bbox 89 4395 158 4449; x_wconf 87' lang='lat' dir='ltr'><strong>cuius</strong></span> <span class='ocrx_word' id='word_1_348' title='bbox 178 4404 314 4470; x_wconf 79' lang='lat' dir='ltr'><strong>ectypum</strong></span> <span class='ocrx_word' id='word_1_349' title='bbox 336 4398 549 4468; x_wconf 85' lang='lat' dir='ltr'><strong>electrotypum</strong></span> <span class='ocrx_word' id='word_1_350' title='bbox 576 4397 737 4452; x_wconf 87' lang='lat' dir='ltr'><strong>institutum</strong></span> <span class='ocrx_word' id='word_1_351' title='bbox 759 4395 1009 4467; x_wconf 89' lang='lat' dir='ltr'><strong>archaeologicum</strong></span> <span class='ocrx_word' id='word_1_352' title='bbox 1032 4393 1279 4464; x_wconf 88' lang='lat' dir='ltr'><strong>lleidelbergense</strong></span> <span class='ocrx_word' id='word_1_353' title='bbox 1302 4397 1420 4448; x_wconf 90' lang='lat' dir='ltr'><strong>auctore</strong></span> 
     </span>
     <span class='ocr_line' id='line_1_37' title="bbox 92 4493 1417 4573; baseline -0.001 -26"><span class='ocrx_word' id='word_1_354' title='bbox 92 4493 188 4555; x_wconf 87' lang='lat' dir='ltr'><strong>llubnio</strong></span> <span class='ocrx_word' id='word_1_355' title='bbox 207 4501 370 4573; x_wconf 79' lang='lat' dir='ltr'><strong>acquisivit,</strong></span> <span class='ocrx_word' id='word_1_356' title='bbox 398 4502 427 4555; x_wconf 93' lang='lat' dir='ltr'><strong>iu</strong></span> <span class='ocrx_word' id='word_1_357' title='bbox 447 4499 493 4555; x_wconf 91' lang='lat' dir='ltr'><strong>his</strong></span> <span class='ocrx_word' id='word_1_358' title='bbox 515 4501 603 4571; x_wconf 86' lang='lat' dir='ltr'><strong>igitur</strong></span> <span class='ocrx_word' id='word_1_359' title='bbox 617 4499 697 4554; x_wconf 79' lang='lat' dir='ltr'><strong>frons</strong></span> <span class='ocrx_word' id='word_1_360' title='bbox 712 4499 743 4553; x_wconf 88' lang='lat' dir='ltr'><strong>L.</strong></span> <span class='ocrx_word' id='word_1_361' title='bbox 757 4497 872 4554; x_wconf 79' lang='lat' dir='ltr'><strong>Antonii</strong></span> <span class='ocrx_word' id='word_1_362' title='bbox 889 4497 1015 4554; x_wconf 90' lang='lat' dir='ltr'><strong>consulis</strong></span> <span class='ocrx_word' id='word_1_363' title='bbox 1031 4497 1142 4568; x_wconf 90' lang='lat' dir='ltr'><strong>capillis</strong></span> <span class='ocrx_word' id='word_1_364' title='bbox 1158 4496 1235 4551; x_wconf 90' lang='lat' dir='ltr'><strong>nuda</strong></span> <span class='ocrx_word' id='word_1_365' title='bbox 1251 4493 1417 4551; x_wconf 88' lang='lat' dir='ltr'><strong>exhibetur.</strong></span> 
     </span>
    </p>
   </div>
   <div class='ocr_carea' id='block_1_8' title="bbox 92 4655 1420 4954">
    <p class='ocr_par' dir='ltr' id='par_1_12' title="bbox 92 4655 1420 4954">
     <span class='ocr_line' id='line_1_38' title="bbox 92 4655 1420 4746; baseline -0.009 -15"><span class='ocrx_word' id='word_1_366' title='bbox 92 4655 182 4743; x_wconf 50' lang='lat' dir='ltr'><strong>filil:</strong></span> <span class='ocrx_word' id='word_1_367' title='bbox 196 4671 311 4744; x_wconf 84' lang='lat' dir='ltr'><strong>Corp.l</strong></span> <span class='ocrx_word' id='word_1_368' title='bbox 334 4688 364 4728; x_wconf 90' lang='lat' dir='ltr'><strong>n.</strong></span> <span class='ocrx_word' id='word_1_369' title='bbox 385 4665 458 4746; x_wconf 83' lang='grc'><strong>681)</strong></span> <span class='ocrx_word' id='word_1_370' title='bbox 495 4687 531 4726; x_wconf 85' lang='lat' dir='ltr'><strong>cx</strong></span> <span class='ocrx_word' id='word_1_371' title='bbox 561 4685 631 4742; x_wconf 89' lang='lat' dir='ltr'><strong>agro</strong></span> <span class='ocrx_word' id='word_1_372' title='bbox 654 4670 792 4726; x_wconf 89' lang='lat' dir='ltr'><strong>Perusino</strong></span> <span class='ocrx_word' id='word_1_373' title='bbox 820 4661 884 4745; x_wconf 84' lang='lat' dir='ltr'><strong>[luit</strong></span> <span class='ocrx_word' id='word_1_374' title='bbox 908 4664 997 4724; x_wconf 86' lang='lat' dir='ltr'><strong>Firmi</strong></span> <span class='ocrx_word' id='word_1_375' title='bbox 1018 4667 1096 4740; x_wconf 80' lang='lat' dir='ltr'><strong>apud</strong></span> <span class='ocrx_word' id='word_1_376' title='bbox 1119 4668 1281 4734; x_wconf 80' lang='lat' dir='ltr'><strong>Minicium,</strong></span> <span class='ocrx_word' id='word_1_377' title='bbox 1315 4664 1420 4722; x_wconf 90' lang='lat' dir='ltr'><strong>deinde</strong></span> 
     </span>
     <span class='ocr_line' id='line_1_39' title="bbox 127 4768 1420 4846; baseline -0.002 -22"><span class='ocrx_word' id='word_1_378' title='bbox 127 4769 246 4833; x_wconf 87' lang='lat' dir='ltr'><strong>Perusiae</strong></span> <span class='ocrx_word' id='word_1_379' title='bbox 269 4775 348 4846; x_wconf 90' lang='lat' dir='ltr'><strong>apud</strong></span> <span class='ocrx_word' id='word_1_380' title='bbox 371 4775 530 4830; x_wconf 86' lang='lat' dir='ltr'><strong>llarianum</strong></span> <span class='ocrx_word' id='word_1_381' title='bbox 552 4771 766 4838; x_wconf 78' lang='lat' dir='ltr'><strong>Gucrdabassi3</strong></span> <span class='ocrx_word' id='word_1_382' title='bbox 792 4769 829 4826; x_wconf 92' lang='lat' dir='ltr'><strong>ab</strong></span> <span class='ocrx_word' id='word_1_383' title='bbox 852 4771 910 4828; x_wconf 88' lang='lat' dir='ltr'><strong>hoo</strong></span> <span class='ocrx_word' id='word_1_384' title='bbox 932 4770 1034 4828; x_wconf 91' lang='lat' dir='ltr'><strong>babuit</strong></span> <span class='ocrx_word' id='word_1_385' title='bbox 1056 4771 1165 4826; x_wconf 83' lang='lat' dir='ltr'><strong>bovatti</strong></span> <span class='ocrx_word' id='word_1_386' title='bbox 1189 4770 1343 4836; x_wconf 83' lang='lat' dir='ltr'><strong>Romanus,</strong></span> <span class='ocrx_word' id='word_1_387' title='bbox 1370 4768 1420 4837; x_wconf 91' lang='lat' dir='ltr'><strong>qui</strong></span> 
     </span>
     <span class='ocr_line' id='line_1_40' title="bbox 128 4873 262 4954; baseline 0.037 -25"><span class='ocrx_word' id='word_1_388' title='bbox 128 4873 262 4954; x_wconf 70' lang='lat' dir='ltr'><strong>perdiditl.</strong></span> 
     </span>
    </p>
   </div>
   <div class='ocr_carea' id='block_1_9' title="bbox 465 4992 1027 5368">
    <p class='ocr_par' dir='ltr' id='par_1_13' title="bbox 465 4992 1027 5368">
     <span class='ocr_line' id='line_1_41' title="bbox 465 4992 1027 5070; baseline -0.007 -18"><span class='ocrx_word' id='word_1_389' title='bbox 465 4996 567 5052; x_wconf 81' lang='lat' dir='ltr'><strong>litteris</strong></span> <span class='ocrx_word' id='word_1_390' title='bbox 589 4996 708 5052; x_wconf 79' lang='lat' dir='ltr'><strong>cursivis</strong></span> <span class='ocrx_word' id='word_1_391' title='bbox 728 4995 805 5070; x_wconf 84' lang='lat' dir='ltr'><strong>(scil.</strong></span> <span class='ocrx_word' id='word_1_392' title='bbox 830 4992 1027 5067; x_wconf 74' lang='lat' dir='ltr'><strong>scariphatal:</strong></span> 
     </span>
     <span class='ocr_line' id='line_1_42' title="bbox 662 5118 820 5162; baseline 0 -2"><span class='ocrx_word' id='word_1_393' title='bbox 662 5118 820 5162; x_wconf 80' lang='lat' dir='ltr'><strong>xncntvrr</strong></span> 
     </span>
     <span class='ocr_line' id='line_1_43' title="bbox 666 5222 797 5264; baseline 0 -2"><span class='ocrx_word' id='word_1_394' title='bbox 666 5222 797 5264; x_wconf 77' lang='lat' dir='ltr'><strong>uvnvrx</strong></span> 
     </span>
     <span class='ocr_line' id='line_1_44' title="bbox 693 5325 855 5368; baseline 0 0"><span class='ocrx_word' id='word_1_395' title='bbox 693 5325 855 5368; x_wconf 76' lang='lat' dir='ltr'><strong>cvuvmsts</strong></span> 
     </span>
    </p>
   </div>
   <div class='ocr_carea' id='block_1_10' title="bbox 0 0 1716 5924">
    <p class='ocr_par' dir='ltr' id='par_1_14' title="bbox 0 0 1716 5924">
     <span class='ocr_line' id='line_1_45' title="bbox 0 0 1716 5924; baseline 0 0"><span class='ocrx_word' id='word_1_396' title='bbox 0 0 1716 5924; x_wconf 95' lang='lat' dir='ltr'><strong> </strong></span> 
     </span>
    </p>
   </div>
  </div>
 </body>
</html>
