3466 5926
707 572 910 624 suessano.
1447 583 1487 632 [χ

130 757 166 806 et
188 757 292 806 mente
315 765 381 807 non
406 746 514 806 tenaci
539 745 691 826 opinionis
719 755 792 806 ante
815 753 985 823 conceptae
1008 742 1064 804 sed
1087 743 1208 824 ubique
1230 745 1271 808 ad
1293 765 1362 808 eam
1385 749 1486 808 corri-

132 847 270 926 gendam
299 867 414 929 prona.
464 849 608 909 Priorum
638 849 669 908 in
699 846 846 928 legendis
874 844 1043 926 glandibus
1071 847 1220 926 genuinis
1243 858 1275 910 et
1303 851 1486 930 spuriarum

134 950 370 1030 antiquioribus
381 951 403 1031 1)
437 970 566 1012 errores
588 951 681 1012 etiam
710 947 767 1012 ubi
791 967 843 1010 res
872 967 958 1010 nunc
981 949 1144 1029 explorata
1167 959 1215 1012 est
1237 951 1351 1014 allerre
1375 971 1487 1014 neces-

134 1055 258 1114 sarium
286 1053 346 1114 init
376 1055 409 1114 in
438 1055 511 1116 aliis
541 1072 674 1134 quarum
704 1053 879 1114 averitate
910 1054 952 1114 ita
980 1051 1117 1114 discedit
1145 1053 1254 1132 lectio,
1290 1065 1325 1116 ut
1353 1054 1485 1118 eandem

136 1157 379 1236 inscriptionem
406 1176 479 1220 esse
502 1158 630 1238 agnosci
653 1157 708 1217 vix
731 1165 842 1236 queat,
879 1156 911 1215 in
934 1155 1005 1216 aliis
1027 1155 1190 1235 pluribus,
1217 1174 1352 1236 quarum
1377 1157 1486 1220 [alsam

137 1260 306 1320 lectionem
324 1261 481 1341 vulgatam
507 1261 727 1340 repetiverunt
751 1257 883 1334 falsarii,
910 1257 985 1319 inde
1008 1256 1097 1320 iacile
1121 1257 1244 1322 iraudis
1259 1260 1461 1341 coarguendi.

227 1378 357 1441 Tabulis
378 1378 513 1440 exhibui
543 1378 705 1459 glandium
728 1379 940 1459 genuinamm
964 1379 1096 1457 multas,
1129 1379 1310 1459 spuriarum
1333 1379 1483 1462 aliquot²i

139 1484 296 1562 imagines
324 1482 364 1544 ad
394 1483 565 1563 archetypa
594 1483 647 1543 vel
677 1483 819 1564 ectypa³l
855 1500 871 1542 a
902 1483 1071 1563 pbototypo
1102 1482 1144 1544 ita
1168 1481 1304 1560 effictas,
1341 1491 1377 1544 ut
1407 1483 1486 1544 nibil

138 1585 269 1646 omnino
299 1594 535 1646 retractaretur.
579 1585 666 1666 ,Nam
697 1595 732 1646 ut
760 1585 838 1645 baec
867 1602 918 1644 res
947 1593 1033 1645 tanto
1061 1601 1157 1664 opere
1188 1585 1219 1646 in
1243 1587 1485 1646 controversiam

138 1686 278 1748 adducta
301 1697 333 1748 et
361 1697 407 1748 tot
435 1686 538 1749 adbuc
560 1686 846 1768 disceptationibus
871 1687 988 1767 agitata
1010 1686 1258 1765 diiudicaretur,
1291 1690 1367 1749 baec
1389 1686 1486 1750 editio

139 1810 205 1851 non
234 1799 357 1870 poterat
386 1809 495 1851 carere
519 1789 710 1872 imaginibus
739 1799 806 1852 arte
837 1809 923 1850 mere
952 1791 1133 1854 mechanica
1165 1791 1264 1852 laetis.
1311 1792 1378 1852 Non
1401 1791 1485 1853 enim

139 1895 259 1954 mirum
275 1903 335 1970 est,
362 1893 389 1954 si
412 1911 499 1955 nunc
515 1891 645 1973 quidem
661 1895 694 1954 in
718 1893 776 1954 boc
800 1893 1042 1972 inscriptionum
1059 1912 1175 1972 genere
1192 1893 1233 1956 ad
1256 1903 1374 1955 tanum
1390 1893 1487 1956 dubi-

138 1997 292 2057 tationem
316 2005 460 2059 rerocato
483 2013 575 2056 nemo
597 1997 768 2076 quiequam
792 1996 853 2056 nisi
877 1995 961 2075 qnod
984 1995 1116 2058 suismet
1139 1997 1238 2060 oculis
1263 1997 1389 2076 viderit,
1416 2017 1486 2060 cre-

139 2097 220 2160 dere
242 2096 348 2160 audet.
397 2095 446 2159 Ad
470 2097 551 2159 banc
579 2099 677 2178 igitur
700 2117 767 2162 rem
792 2097 832 2176 ii,
863 2098 983 2178 quibus
1012 2098 1180 2180 archetypa
1212 2099 1279 2180 ipsa
1303 2101 1485 2162 examinare

139 2201 317 2280 nonlicet,
354 2211 484 2262 utantur
506 2199 624 2263 tabulis
654 2201 703 2262 bis
731 2200 772 2262 ab
795 2202 879 2262 omni
904 2201 1037 2282 legentis
1067 2211 1097 2262 et
1124 2199 1249 2263 edentis
1271 2199 1486 2264 additamento

141 2322 275 2383 prorsus
297 2303 417 2365 liberis.
459 2304 615 2384 lmagines
637 2301 799 2384 glandium
825 2305 963 2384 ipsamm
987 2303 1237 2384 magnitudinem
1261 2303 1426 2368 exhibent.
1443 2342 1487 2352 -

142 2407 308 2469 Praeterea
337 2409 456 2468 insemi
493 2408 593 2469 textui
624 2406 793 2470 nonnullas
821 2407 974 2487 imagines
1003 2405 1194 2487 delineatae,
1232 2425 1312 2488 quas
1343 2409 1486 2470 lectionis

140 2509 266 2591 meae⁴)
299 2519 461 2590 tamquam
490 2510 681 2591 interpretes
709 2529 779 2572 esse
809 2510 907 2572 volui.
960 2509 1076 2572 Eorum
1109 2509 1189 2572 aliae
1219 2519 1293 2572 sunt
1322 2509 1484 2592 glandium

141 2621 207 2673 tam
236 2611 442 2692 detritamm,
481 2621 516 2674 ut
544 2621 611 2674 arte
644 2613 853 2693 photograpbi
883 2630 984 2692 pauca
1011 2613 1143 2692 vestigia
1177 2611 1321 2674 exbiberi
1352 2615 1482 2694 possint,

140 2715 223 2776 aliae
239 2715 393 2795 quaedam
410 2713 584 2778 secundnm
600 2717 777 2796 apographa
801 2734 870 2776 mea
892 2724 968 2777 sunt
989 2713 1134 2798 lacteoli.
1151 2749 1193 2761 -
1211 2715 1356 2796 Denique
1378 2737 1410 2798 p.
1430 2717 1481 2780 itt.

142 2819 195 2879 te.
216 2820 268 2880 49.
284 2819 318 2877 84
347 2829 470 2899 septem
499 2817 644 2899 glandes,
679 2837 812 2899 quarum
841 2837 947 2899 neque
970 2819 1175 2901 archetypum
1205 2837 1308 2900 neque
1337 2829 1484 2901 ectypum

141 2919 254 2982 videre
278 2923 375 3002 potui,
403 2941 443 2983 ex
465 2921 599 2983 aliorum
622 2921 777 3002 exemplis
801 2921 1047 3002 repraesentavi.

227 3042 310 3103 llaec
338 3040 379 3102 de
410 3040 559 3104 editionis
588 3061 676 3104 meae
708 3043 829 3103 ratione
858 3040 1031 3122 praefanda
1059 3051 1161 3104 erant.
1215 3041 1335 3114 Quodsi
1367 3043 1418 3103 cui
1449 3061 1485 3104 ea

138 3141 304 3205 videbitur
329 3143 477 3206 uberiore
512 3162 607 3226 quam
642 3163 698 3226 pro
732 3145 841 3206 barum
873 3163 979 3207 rernm
1014 3145 1117 3226 pretio
1150 3155 1304 3227 apparatu
1334 3145 1485 3207 instructa

138 3265 227 3324 esse,
268 3245 300 3308 id
330 3246 447 3309 iactum
477 3256 526 3309 est
555 3247 742 3309 necessitate
772 3265 848 3308 sane
871 3247 941 3308 dira
964 3265 1023 3309 nec
1045 3266 1114 3310 mea
1137 3247 1229 3328 culpa
1264 3247 1321 3310 sed
1344 3249 1484 3329 priorum

138 3351 191 3411 vel
216 3348 380 3412 erroribus
401 3349 450 3412 rel
474 3348 652 3412 fraudibus.
698 3349 725 3412 A
748 3350 866 3430 quibus
894 3351 1017 3412 invecta
1041 3350 1240 3432 perturbatio
1263 3370 1333 3413 oum
1356 3347 1483 3412 tandem

138 3451 313 3532 aliquando
335 3451 538 3534 expedienda
566 3451 770 3533 tollendaque
793 3463 886 3526 esset,
912 3471 974 3516 non
999 3454 1140 3532 suffecit,
1174 3453 1236 3515 nisi
1258 3471 1386 3534 operam
1410 3474 1485 3535 per-

138 3554 218 3617 dere
241 3555 376 3634 vellem,
408 3575 548 3618 summas
574 3575 626 3617 res
655 3575 737 3637 quae
765 3559 980 3638 repperissem
1010 3556 1187 3637 significare
1216 3565 1247 3617 et
1269 3575 1305 3617 ea
1328 3555 1485 3618 brevitate

136 3659 218 3720 baec
246 3669 449 3721 monumenta
480 3658 594 3738 edere,
631 3678 695 3740 qua
725 3670 812 3722 recte
840 3679 916 3722 sane
950 3667 1081 3722 utentur
1114 3661 1153 3738 ii,
1196 3659 1252 3739 qui
1281 3677 1350 3720 meo
1378 3659 1485 3720 labore

136 3761 272 3824 subnixi
294 3762 425 3842 posthac
446 3761 610 3842 glandium
633 3763 856 3844 inscriptiones
878 3761 1069 3840 tractabunt,
1095 3759 1150 3822 sed
1174 3761 1284 3840 ntique
1308 3782 1325 3823 a
1348 3780 1398 3823 me
1421 3771 1483 3822 tam

210 4021 235 4084 4)
253 4021 292 4070 lie
311 4021 531 4071 Vincenzinianls
547 4019 691 4085 glandibus
709 4020 770 4072 vide
788 4033 858 4085 qnae
875 4019 1002 4070 adnotavi
1021 4033 1048 4085 p.
1064 4023 1122 4070 tto.

210 4110 234 4168 4)
256 4107 294 4156 De
314 4105 409 4158 bisol.
430 4119 457 4171 p.
480 4110 538 4160 tot.

209 4193 235 4254 a)
256 4191 393 4256 Exceptae
411 4195 476 4241 sont
493 4192 565 4276 solae
584 4195 603 4242 t.
618 4191 664 4253 nt,
685 4195 719 4242 to
736 4195 764 4242 et
783 4192 829 4252 tt,
855 4190 956 4256 quibus
978 4191 1082 4242 litterae
1104 4193 1130 4242 in
1154 4195 1312 4257 ectypomm
1338 4191 1421 4242 sulcis
1439 4205 1484 4243 se-

138 4277 261 4328 cundum
281 4289 370 4327 meam
388 4275 531 4328 lectionem
550 4277 701 4329 delineatae
718 4281 957 4343 repraesententur
973 4281 1125 4343 propterea,
1146 4277 1218 4342 quod
1233 4277 1404 4343 scariphatae
1422 4279 1483 4330 illae

138 4365 245 4414 litterae
264 4364 438 4413 tenuissimae
457 4363 483 4412 in
503 4365 618 4426 imagine
636 4363 742 4427 glandis
761 4365 790 4428 tt.
812 4363 857 4425 lx,
874 4365 896 4427 4)
917 4377 1003 4428 paene
1021 4377 1075 4414 non
1095 4367 1234 4428 apparent.

210 4451 234 4510 4)
261 4448 401 4500 Eiusmodi
430 4449 639 4513 inscriptionum
664 4450 795 4514 imagines
822 4451 869 4514 qui
898 4449 1021 4500 editurus
1045 4453 1101 4512 est,
1125 4449 1160 4500 ab
1184 4463 1218 4500 eo
1242 4449 1418 4515 praeferende
1443 4455 1485 4502 est

139 4535 286 4586 methodus
303 4534 478 4596 mechanica,
500 4539 529 4585 ut
546 4535 714 4600 photctypia.
750 4535 825 4596 Quae
843 4539 933 4586 umen
953 4535 997 4586 ubi
1015 4535 1139 4586 adbiberi
1159 4537 1266 4600 nequit,
1286 4537 1384 4588 editori
1402 4551 1484 4602 opera

137 4621 230 4671 danda
256 4623 313 4680 est,
346 4624 376 4671 ut
405 4620 589 4686 lithographns
615 4622 657 4672 vel
681 4634 735 4686 quo
761 4623 814 4672 alio
838 4623 962 4686 operario
981 4622 1068 4672 utitur
1096 4624 1182 4686 ipsam
1205 4621 1318 4674 editoris
1342 4623 1484 4674 lectionem

139 4709 339 4772 repraesente23
365 4707 446 4771 atque
471 4707 523 4757 hoc
546 4707 655 4772 quidem
674 4709 792 4758 maxime
811 4707 957 4759 tenendum
976 4711 1017 4758 est
1036 4711 1062 4758 ln
1082 4707 1188 4758 dubiis:
1214 4709 1281 4772 quid
1299 4710 1370 4760 enim
1389 4710 1486 4760 attinet

139 4792 235 4842 lectori
253 4791 383 4843 exhibere
401 4805 450 4852 ea,
470 4805 539 4857 quae
558 4793 662 4854 legendi
682 4793 743 4844 talia
768 4793 859 4844 minus
882 4797 985 4858 peritus
1004 4793 1056 4844 sibi
1077 4793 1169 4844 videre
1187 4794 1262 4845 maus
1280 4797 1341 4846 cst‘i
1376 4795 1414 4846 De
1433 4796 1484 4846 bac

138 4891 168 4928 re
188 4878 282 4928 monui
302 4879 328 4927 in
347 4883 494 4929 comment.
515 4879 666 4930 minoribns
684 4879 759 4930 acad.
780 4879 869 4929 lierol.
889 4883 955 4930 ⁴87⁵
974 4893 1001 4944 p.
1019 4881 1066 4930 474
1087 4883 1143 4930 not.
1158 4883 1184 4930 4.
1202 4907 1238 4917 -
1256 4881 1385 4944 Bergkius
1404 4882 1486 4945 igitur

139 4967 167 5013 in
192 4963 337 5025 glandibus
361 4963 473 5014 edendis
498 4965 598 5016 errarit
619 4965 691 5029 qnod
720 4967 800 5027 (sicut
818 4963 954 5030 praelatus
978 4969 1018 5016 est
1043 4978 1105 5016 ann.
1125 4965 1210 5016 liban.
1235 4970 1267 5016 aa
1286 4971 1342 5032 p.8
1362 4987 1395 5011 a
1415 4967 1483 5018 Sabi.

137 5063 165 5113 p.
180 5051 222 5112 4444)
241 5049 403 5100 delineantis
426 5049 539 5102 arbitrio
561 5053 685 5116 permisit
708 5053 735 5101 in
758 5050 848 5102 dubiis
877 5052 905 5103 id
929 5051 1073 5115 exhibere,
1099 5051 1171 5116 qnod
1191 5051 1236 5104 ille
1253 5052 1347 5102 videre
1365 5051 1417 5102 sibi
1444 5056 1486 5102 vt-

138 5147 185 5185 sns
204 5137 285 5186 esset.
330 5136 428 5200 Aque
454 5139 545 5186 umen
570 5149 620 5187 eno
637 5139 782 5202 praecepto
805 5139 827 5187 si
854 5138 898 5188 iric
926 5137 979 5188 illic
999 5140 1057 5203 ipse
1080 5139 1192 5190 recessit
1217 5137 1262 5204 (cl.
1283 5137 1350 5189 inim
1370 5151 1396 5202 p.
1413 5141 1483 5202 444),

139 5219 211 5271 bene
230 5219 301 5272 lecit.

212 5309 238 5371 4)
258 5307 322 5357 Vide
340 5321 410 5372 quae
428 5307 486 5358 dixi
504 5321 532 5372 p.
548 5312 573 5358 8.
595 5313 636 5360 at.
657 5312 688 5357 tt
708 5311 775 5359 extr.
