3374 5930
576 682 648 736 Ans
666 681 893 736 rennronnsn.
1324 663 1395 734 387

1196 783 1399 792 —-.—-.

146 857 373 916 Vocabulorum
401 857 431 914 in
458 857 515 916 fine
538 874 678 916 versuum
706 857 814 915 divisio
841 857 951 932 ubique
979 855 1140 934 syllabaris
1164 875 1241 932 quae
1263 867 1399 914 vocetur:

64 959 138 1034 litbet
160 979 191 1018 v.
210 962 235 1030 l,
256 959 403 1034 invittatus
426 977 452 1016 v.
469 959 488 1018 5
503 971 569 1032 cet,
591 960 662 1017 item
685 959 737 1017 ubi
760 959 836 1017 dune
859 966 1057 1018 consonantes
1081 959 1270 1032 conveniunt,
1295 961 1400 1035 ionitae

62 1083 87 1120 r.
107 1060 161 1134 12,
184 1059 298 1140 ficsscum
320 1079 347 1118 v.
365 1062 416 1132 13,
439 1063 620 1138 εαποΙίἰεείηιί
643 1081 669 1119 r.
686 1061 732 1132 17,
752 1061 1038 1138 interpretationibus
1061 1081 1087 1120 v.
1105 1059 1158 1134 28,
1181 1057 1400 1139 praescripitom

62 1183 88 1220 r.
104 1164 157 1236 46,
177 1163 379 1240 proconisum
401 1183 428 1222 v.
446 1164 496 1231 53,
518 1165 672 1241 eusiceptoc
696 1183 722 1221 r.
740 1164 789 1235 59,
812 1173 842 1223 et
864 1165 914 1222 ubi
936 1171 1008 1236 tres,
1031 1165 1179 1241 compitum
1200 1183 1228 1222 v.
1246 1163 1294 1224 29.
1340 1161 1400 1222 Sed

62 1275 171 1326 contra
194 1267 339 1344 quaeistue
362 1285 389 1324 v.
406 1265 435 1339 7,
458 1263 563 1346 suipra
583 1285 610 1324 r.
628 1266 655 1326 9.

142 1368 270 1427 Puncta
297 1369 407 1445 ubique
433 1368 495 1426 sere
523 1377 675 1444 ponuntur
701 1377 779 1428 recte
807 1369 845 1428 ad
870 1369 1018 1428 vocabule
1044 1369 1163 1447 singule
1190 1369 1401 1446 distinguenda

60 1471 229 1530 secundum
259 1471 388 1548 optimae
415 1471 521 1530 aetatis
549 1489 643 1530 usum.
688 1471 942 1556 Praepositiones·
959 1471 1056 1530 solent
1078 1472 1216 1557 copiungi
1238 1491 1304 1530 cum
1326 1472 1401 1531 casi-

59 1575 112 1632 bus
136 1591 220 1651 quos
242 1583 359 1652 regunt,
382 1573 499 1650 punctis
519 1572 704 1652 interpositis
726 1573 831 1645 nuliis;
860 1575 913 1632 sed
935 1593 995 1633 non
1016 1593 1085 1633 raro
1107 1560 1195 1633 o'tinm
1218 1583 1329 1652 puncta
1350 1573 1400 1633 ad·

58 1677 184 1735 duntur.

139 1779 197 1838 De
228 1797 365 1838 sermone
392 1789 421 1838 et
446 1778 662 1856 orthographia
683 1779 835 1856 variisque
857 1779 945 1838 rebus
966 1781 1169 1857 grammaticis
1192 1781 1401 1839 observatione

57 1883 146 1958 digna
175 1882 229 1940 hio
258 1882 371 1940 omitto.
417 1878 501 1954 Quae
529 1882 565 1940 ed
593 1891 707 1940 textum
734 1881 951 1941 emendandum
978 1892 1008 1940 et
1035 1881 1246 1960 explicandum
1269 1883 1402 1942 contule-

56 1995 123 2043 runt
151 1983 378 2055 Buechelerus,
404 1981 643 2056 Hirschfeldius,
666 1983 882 2058 Mommsenns,
911 1983 990 2042 infra
1017 1986 1147 2062 reperies
1174 1985 1296 2045 huiusce
1322 2003 1402 2045 com·

57 2087 212 2146 monterio
238 2087 362 2145 inserta.

1033 2209 1191 2268 Anmnrns
1212 2209 1358 2269 Horren.
