3374 5930
426 651 720 708 ossnsvsrrouus
746 653 1033 708 carcasensem.
1321 627 1394 706 443

86 827 153 884 cives
171 825 324 885 Romanos
347 845 401 904 pro
425 846 479 888 suo
501 829 624 906 fastigio
651 829 829 901 obtinuisse,
857 837 889 887 ut
918 849 956 888 ex
983 847 1100 888 summa
1125 829 1162 886 ab
1189 848 1248 888 uno
1275 845 1397 887 suorum

85 947 130 1003 pro
150 947 183 986 eo
203 928 398 988 decurionatu
419 931 449 989 in
472 931 618 990 aerarium
641 931 770 989 civitatis
793 949 875 989 more
897 929 986 990 solito
1009 930 1101 989 inlata
1123 949 1183 988 non
1208 948 1256 990 res
1278 929 1397 1008 publica

85 1039 196 1089 statuam
222 1031 398 1103 collocaret,
424 1042 457 1090 ut
478 1033 543 1092 fieri
565 1033 677 1106 debuit,
706 1033 759 1090 sed
781 1033 837 1108 ipsi
860 1052 925 1092 eum
947 1033 1091 1091 honorem
1114 1033 1287 1110 imperatori
1310 1032 1396 1089 offer·

84 1139 145 1190 rent.
191 1131 349 1210 Nusquam
372 1141 469 1194 autem
491 1135 597 1194 civium
619 1135 822 1194 Romanorum
847 1135 1038 1206 universitas,
1065 1143 1213 1212 quatenus
1235 1134 1322 1194 uobis
1345 1135 1397 1192 da-

82 1243 133 1292 tum
153 1243 196 1293 est
222 1236 369 1308 iudicare,
396 1238 521 1313 propius
549 1238 586 1296 ad
612 1237 655 1296 rei
682 1237 819 1313 publicae
844 1237 969 1296 sormam
999 1237 1125 1296 accessit
1152 1256 1240 1314 quam
1270 1237 1300 1295 in
1327 1255 1395 1295 con-

82 1347 158 1394 sentu
173 1339 340 1414 Apameno.
385 1337 463 1396 Nam
485 1325 626 1421 εἴρξαντες
649 1340 778 1416 quinque
800 1339 877 1398 tituli
900 1357 992 1417 supra
1012 1340 1095 1398 relati
1118 1340 1208 1415 positi
1231 1359 1257 1397 a.
1277 1357 1305 1414 p.
1324 1335 1394 1396 Chr.

81 1438 142 1497 4516
162 1440 242 1498 uullo
265 1440 354 1498 modo
377 1441 414 1499 ad
436 1441 533 1518 ipsam
549 1442 770 1518 Apamenorum
792 1461 854 1500 rem
874 1442 1022 1517 publicam
1038 1443 1142 1500 referri
1158 1450 1306 1518 poterunt,
1328 1459 1394 1498 cum

80 1541 130 1598 siut
149 1543 228 1601 cives
250 1542 378 1602 Romani
400 1562 504 1602 omues
526 1561 621 1620 neque
642 1543 790 1602 eiusmodi
813 1545 1004 1622 magistratus
1027 1547 1202 1623 Apamenas
1228 1543 1271 1602 rei
1298 1543 1394 1618 publi·

80 1661 124 1700 cae
143 1645 300 1702 conveniat
321 1664 376 1704 uec
396 1636 512 1727 spuisse
533 1645 615 1722 quod
638 1645 756 1704 additur
777 1646 816 1704 ad
838 1646 915 1706 banc
937 1647 1132 1724 probabiliter
1153 1646 1257 1705 referri
1278 1647 1393 1721 possit;

79 1747 258 1824 comparandi
280 1755 366 1806 erunt
387 1748 487 1824 potius
509 1748 694 1824 quinqueviri
713 1748 840 1807 illisum
856 1748 944 1807 titulo
960 1747 1037 1808 chio
1058 1747 1106 1824 (G.
1120 1748 1143 1806 l.
1158 1747 1211 1808 Gr.
1228 1747 1245 1806 2
1267 1767 1294 1826 p.
1314 1748 1391 1806 1031

77 1846 239 1925 mmm:
268 1841 536 1930 [dextrqua‘ywyur
559 1849 581 1907 oi
603 1836 745 1931 ἄρξαντες
768 1839 838 1926 [leb
858 1843 1041 1932 Πυρσᾶνδρου
1070 1851 1247 1926 (sequuntur
1273 1851 1393 1908 nomina

77 1967 123 2008 sex
147 1959 175 2008 st
201 1951 315 2026 scriba)
343 1961 372 2010 et
398 1951 478 2028 quod
506 1959 576 2010 sunt
595 1952 724 2012 Romani
752 1970 868 2024 omues,
900 1952 1005 2012 suadet
1032 1962 1063 2012 ut
1089 1954 1254 2012 reseramus
1281 1970 1332 2011 eos
1354 1951 1392 2010 ad

76 2051 144 2112 ciues
164 2053 318 2112 Romanos
340 2055 494 2132 Apameae
520 2055 717 2114 consistentes
739 2063 769 2112 et
790 2053 951 2114 habeamus
978 2074 1032 2133 pro
1061 2057 1136 2132 ipsis
1163 2055 1223 2114 illis
1251 2059 1392 2114 curatori·

76 2153 135 2226 bus,
160 2173 235 2230 quos
256 2163 363 2234 postea
383 2156 496 2215 aboleri
523 2157 611 2216 iussit
637 2157 743 2216 civitas
766 2159 931 2232 Apamena.
979 2155 1022 2216 Ut
1042 2176 1151 2234 corpus
1174 2157 1325 2216 efficerent
1352 2157 1391 2216 iis

75 2255 180 2316 ridetur
201 2277 377 2318 concessum
399 2275 466 2318 esse
487 2277 524 2317 ea
545 2257 727 2330 condicione,
749 2267 782 2317 ut
802 2266 912 2317 certam
936 2276 1081 2318 summam
1098 2260 1259 2337 quotannis
1275 2258 1390 2319 aerario

74 2357 218 2430 inlerreut3
246 2361 340 2419 multa
361 2379 398 2420 ea
418 2361 587 2438 appellatur
614 2360 761 2420 invidiose
788 2347 922 2434 omnino,
951 2362 1019 2420 ideo
1044 2363 1190 2436 fortasse,
1218 2363 1297 2438 quod
1325 2381 1390 2420 cum

74 2458 130 2536 lege
149 2463 367 2540 Apamenorum
390 2481 499 2539 corpus
523 2464 666 2522 eiusmodi
689 2463 799 2522 nullum
822 2463 944 2522 formari
966 2463 1078 2536 liceret,
1106 2466 1143 2523 ab
1166 2483 1202 2523 ea
1222 2465 1288 2542 lege
1310 2466 1390 2524 cives

74 2561 214 2624 Romanos
243 2585 304 2624 uon
333 2573 394 2624 tam
423 2566 489 2643 lege
520 2565 582 2625 lata
614 2567 731 2642 excepti
759 2573 830 2625 sunt
858 2584 947 2642 quam
974 2565 1068 2625 multa
1096 2569 1256 2642 quotannis
1284 2575 1390 2628 exacta

73 2682 169 2742 corpus
190 2686 293 2727 corum
316 2668 485 2728 toleratum.

145 2766 307 2830 Curatores
327 2771 441 2830 similes
462 2771 550 2830 etiam
564 2770 594 2830 in
608 2769 769 2832 Occidente
785 2771 941 2831 admodum
956 2789 1025 2831 raro
1040 2772 1230 2832 inveniuntur
1240 2771 1268 2850 ¹)
1274 2793 1283 2846 ;
1306 2791 1387 2832 com·

73 2871 159 2946 posuit
180 2872 339 2950 plerosque
354 2872 582 2932 Koruemauuus
605 2873 649 2948 (iu
672 2872 771 2932 libello
787 2875 877 2933 citato
896 2893 986 2950 supra
1008 2895 1037 2952 p.
1054 2876 1112 2934 441
1137 2884 1197 2934 not.
1215 2873 1248 2950 2)
1271 2875 1385 2952 p.108.

73 2973 277 3034 admiratores
299 2975 738 3036 concentusHeteetictdudum
761 2985 848 3036 notos
871 2986 1060 3038 accesserunt
1086 2997 1179 3054 nuper
1206 2977 1321 3037 similes
1347 2997 1387 3037 ex

72 3076 176 3151 oppidis
190 3079 381 3155 Aquitaniae,
403 3080 481 3138 inter
502 3095 578 3154 quos
600 3079 793 3138 notabiliores
816 3087 884 3138 sunt
906 3079 966 3138 duo
982 3087 1116 3157 repertus
1131 3079 1162 3138 iu
1177 3079 1287 3156 oppido
1299 3080 1386 3139 Auch

71 3173 99 3234 0.
119 3179 234 3240 Afranii
261 3178 345 3240 Clari
373 3181 423 3240 lib.
452 3179 596 3258 Graphici
624 3201 683 3240 cur.
708 3201 730 3240 c.
754 3181 790 3240 R.
819 3181 951 3256 (Allmer
976 3201 1059 3242 revue
1085 3182 1175 3258 epigr.
1203 3200 1232 3240 n.
1255 3182 1328 3257 333)
1357 3190 1387 3241 et

70 3295 145 3354 quem
165 3283 267 3358 posuit
293 3283 323 3341 in
346 3283 417 3342 urbe
438 3281 574 3359 Bourges
599 3284 763 3359 imperante
790 3281 869 3342 Gaio
892 3281 927 3343 G.
950 3284 1083 3360 Agilaius
1106 3283 1227 3342 Primus
1249 3283 1386 3342 Iiiiiloir

70 3381 136 3458 Aug.
158 3405 180 3445 c.
204 3403 228 3444 c.
250 3385 286 3442 R.
315 3384 474 3461 (Huebner
496 3385 635 3463 exempla
655 3406 685 3444 n.
704 3385 786 3461 193).
835 3386 959 3445 Maioris
986 3386 1126 3444 momenti
1154 3393 1213 3456 est,
1240 3385 1319 3462 quod
1345 3386 1385 3446 ad
1470 3437 1475 3443 .

69 3484 175 3545 titulum
197 3485 293 3546 adbuc
314 3488 344 3546 iu
368 3506 424 3546 suo
446 3505 553 3564 genere
575 3488 693 3548 unicum
717 3491 818 3547 summi
839 3492 979 3548 curatoris
996 3492 1097 3548 cloiam
1109 3488 1302 3548 Romanorum
1313 3507 1383 3565 pro-

68 3590 162 3648 vinciae
182 3587 387 3664 Lugdunensis
409 3589 567 3665 (Boissieu
589 3594 675 3650 insen
698 3592 733 3648 dc
753 3588 838 3668 Lyca
859 3611 889 3668 p.
908 3587 980 3665 168)
1003 3591 1171 3668 nuperrime
1194 3600 1384 3650 accesserunt

68 3689 167 3749 similes
192 3691 252 3751 duo
280 3693 440 3769 Aquitani,
468 3693 582 3753 scilicet
607 3699 742 3768 repertus
770 3693 800 3751 in
828 3713 864 3751 ea
888 3693 1043 3769 provincia
1069 3694 1099 3751 in
1127 3693 1237 3770 oppido
1265 3691 1382 3754 Saintes

68 3787 106 3862 [C.
127 3791 206 3870 Iulii]
230 3792 266 3854 G.
288 3795 358 3854 Iulii
380 3795 574 3874 Ricoveriugi
601 3794 620 3852 f.
645 3793 713 3853 Vol.
737 3795 846 3854 Marini
871 3798 962 3870 primi
987 3813 1009 3853 c.
1033 3814 1056 3854 c.
1079 3795 1115 3854 R.
1143 3794 1274 3870 (Allmer
1299 3814 1383 3854 revue

68 3892 145 3970 t'pipr.
166 3917 194 3956 u.
212 3897 288 3973 780)
315 3905 345 3956 et
371 3897 544 3958 eruderatus
567 3896 721 3976 Lugduni,
748 3917 836 3974 quem
859 3897 1008 3956 dedicavit
1036 3895 1105 3958 Sex.
1126 3897 1275 3974 Vagiuius
1302 3899 1381 3957 Mar·

67 3995 152 4056 tianus
183 4018 307 4058 summas
340 4000 483 4076 curat(or)
517 4001 645 4076 officium)
677 3999 898 4076 R(omaaorum)
930 3998 1122 4076 prociac(iac)
1152 3999 1380 4076 Aqui[t(uuiue)]
1426 3985 1429 3994 ’

67 4095 182 4168 (Allmar
203 4111 234 4161 et
254 4101 384 4162 Dissurd
406 4103 497 4162 musta
519 4104 554 4162 de
573 4101 657 4179 Lyca
680 4101 709 4173 2,
732 4101 817 4178 366).
860 4102 894 4160 In
919 4101 1029 4161 Galliis
1052 4102 1147 4160 tribus
1168 4101 1257 4178 igitur
1278 4120 1380 4178 quam-

66 4214 142 4272 quam
162 4213 314 4264 curatores
337 4224 390 4282 par
412 4205 544 4282 singulos
568 4213 730 4264 conventus
753 4204 1019 4276 constituebantur,
1040 4197 1097 4262 fult
1117 4205 1194 4262 iuter
1216 4221 1267 4262 eos
1290 4221 1380 4280 super

65 4301 183 4380 reliquos
205 4306 340 4366 ciusdem
362 4307 534 4384 provinciae
555 4307 688 4366 eminens
709 4325 832 4366 summas
855 4307 917 4366 sive
935 4310 1062 4383 primus,
1089 4305 1119 4363 id
1146 4307 1227 4382 quod
1251 4306 1282 4364 in
1304 4305 1378 4366 Asia

65 4417 131 4466 certe
149 4428 209 4469 uon
231 4408 366 4468 obtinuit.

66 4537 255 4557 “““--

129 4635 151 4701 ¹)
170 4640 230 4707 Eglt
253 4641 285 4692 de
309 4639 350 4691 bis
374 4639 468 4692 civium
487 4641 662 4694 Romanorum
685 4639 892 4692 universitatibus
911 4637 1010 4692 Mitteis
1028 4635 1192 4692 Ῑίιίοὴενεοήί
1215 4638 1268 4692 und
1288 4635 1377 4692 Volte-

65 4725 121 4777 ttclt
137 4747 160 4795 p.
176 4733 227 4783 149
252 4741 278 4784 ct
300 4735 333 4784 de
355 4733 396 4784 his
416 4749 516 4799 quoque
536 4735 649 4799 egregie,
675 4749 830 4799 quamquam
854 4733 887 4784 ad
912 4735 1003 4784 miram
1022 4735 1175 4799 paucitatem
1199 4735 1377 4800 exemplorum

65 4830 108 4869 uou
125 4827 183 4876 setis
201 4827 312 4876 attendit
331 4833 357 4877 et
374 4827 488 4877 solitaria
507 4826 623 4877 instituta
642 4825 728 4890 paullo
748 4827 875 4878 incautius
894 4826 928 4876 ad
946 4841 1063 4878 normam
1077 4828 1224 4894 generalem
1237 4829 1376 4880 revocavit.
