<?xml version="1.0" encoding="UTF-8"?>
<!DOCTYPE html PUBLIC "-//W3C//DTD XHTML 1.0 Transitional//EN"
    "http://www.w3.org/TR/xhtml1/DTD/xhtml1-transitional.dtd">
<html xmlns="http://www.w3.org/1999/xhtml" xml:lang="en" lang="en">
 <head>
  <title>
</title>
<meta http-equiv="Content-Type" content="text/html;charset=utf-8" />
  <meta name='ocr-system' content='tesseract 3.04.00' />
  <meta name='ocr-capabilities' content='ocr_page ocr_carea ocr_par ocr_line ocrx_word'/>
</head>
<body>
  <div class='ocr_page' id='page_1' title='image "./ephemerisepigra14instgoog_0638.png"; bbox 0 0 3374 5930; ppageno 0'>
   <div class='ocr_carea' id='block_1_1' title="bbox 413 691 1374 766">
    <p class='ocr_par' dir='ltr' id='par_1_1' title="bbox 413 691 1374 766">
     <span class='ocr_line' id='line_1_1' title="bbox 413 691 1374 766; baseline 0 -4"><span class='ocrx_word' id='word_1_1' title='bbox 413 709 1013 766; x_wconf 76' lang='lat' dir='ltr'>onsnavarrouasurruaarnrosn.</span> <span class='ocrx_word' id='word_1_2' title='bbox 1302 691 1374 762; x_wconf 82' lang='lat'>399</span> 
     </span>
    </p>
   </div>
   <div class='ocr_carea' id='block_1_2' title="bbox 56 869 1541 4560">
    <p class='ocr_par' dir='ltr' id='par_1_2' title="bbox 56 869 1541 3534">
     <span class='ocr_line' id='line_1_2' title="bbox 136 869 1525 964; baseline -0.001 -20"><span class='ocrx_word' id='word_1_3' title='bbox 136 886 198 944; x_wconf 85' lang='lat' dir='ltr'>Isrn</span> <span class='ocrx_word' id='word_1_4' title='bbox 218 883 371 944; x_wconf 87' lang='lat' dir='ltr'>videamus</span> <span class='ocrx_word' id='word_1_5' title='bbox 397 884 433 944; x_wconf 91' lang='lat' dir='ltr'>de</span> <span class='ocrx_word' id='word_1_6' title='bbox 459 884 556 944; x_wconf 90' lang='lat' dir='ltr'>causis</span> <span class='ocrx_word' id='word_1_7' title='bbox 583 903 755 957; x_wconf 69' lang='lat' dir='ltr'>munerum</span> <span class='ocrx_word' id='word_1_8' title='bbox 784 905 851 946; x_wconf 89' lang='lat' dir='ltr'>uam</span> <span class='ocrx_word' id='word_1_9' title='bbox 879 889 909 948; x_wconf 88' lang='lat' dir='ltr'>in</span> <span class='ocrx_word' id='word_1_10' title='bbox 936 889 983 947; x_wconf 90' lang='lat' dir='ltr'>his</span> <span class='ocrx_word' id='word_1_11' title='bbox 999 869 1088 947; x_wconf 79' lang='lat' dir='ltr'>&#39;recte</span> <span class='ocrx_word' id='word_1_12' title='bbox 1113 885 1322 964; x_wconf 90' lang='lat' dir='ltr'>intellegendis</span> <span class='ocrx_word' id='word_1_13' title='bbox 1349 894 1378 942; x_wconf 89' lang='lat' dir='ltr'>et</span> <span class='ocrx_word' id='word_1_14' title='bbox 1425 900 1525 950; x_wconf 81' lang='lat' dir='ltr'>causas</span> 
     </span>
     <span class='ocr_line' id='line_1_3' title="bbox 63 988 1539 1066; baseline -0.003 -20"><span class='ocrx_word' id='word_1_15' title='bbox 63 989 266 1066; x_wconf 75' lang='lat' dir='ltr'>distinguendis</span> <span class='ocrx_word' id='word_1_16' title='bbox 288 997 352 1048; x_wconf 90' lang='lat' dir='ltr'>tota</span> <span class='ocrx_word' id='word_1_17' title='bbox 373 989 509 1064; x_wconf 76' lang='lat' dir='ltr'>quaestio</span> <span class='ocrx_word' id='word_1_18' title='bbox 532 988 664 1047; x_wconf 84' lang='lat' dir='ltr'>vertitur.</span> <span class='ocrx_word' id='word_1_19' title='bbox 1406 1007 1539 1042; x_wconf 86' lang='lat' dir='ltr'>munerum</span> 
     </span>
     <span class='ocr_line' id='line_1_4' title="bbox 135 1088 1531 1167; baseline 0 -17"><span class='ocrx_word' id='word_1_20' title='bbox 135 1088 232 1150; x_wconf 88' lang='lat' dir='ltr'>Causa</span> <span class='ocrx_word' id='word_1_21' title='bbox 253 1091 387 1150; x_wconf 89' lang='lat' dir='ltr'>muneris</span> <span class='ocrx_word' id='word_1_22' title='bbox 409 1090 519 1166; x_wconf 83' lang='lat' dir='ltr'>triplex</span> <span class='ocrx_word' id='word_1_23' title='bbox 540 1099 595 1162; x_wconf 92' lang='lat' dir='ltr'>est,</span> <span class='ocrx_word' id='word_1_24' title='bbox 616 1099 770 1167; x_wconf 74' lang='lat' dir='ltr'>quaestus,</span> <span class='ocrx_word' id='word_1_25' title='bbox 793 1093 970 1165; x_wconf 76' lang='lat' dir='ltr'>liberalitas,</span> <span class='ocrx_word' id='word_1_26' title='bbox 996 1093 1057 1152; x_wconf 85' lang='lat' dir='ltr'>lex.</span> <span class='ocrx_word' id='word_1_27' title='bbox 1099 1091 1223 1152; x_wconf 89' lang='lat' dir='ltr'>Primae</span> <span class='ocrx_word' id='word_1_28' title='bbox 1244 1091 1379 1152; x_wconf 87' lang='lat' dir='ltr'>meminit</span> <span class='ocrx_word' id='word_1_29' title='bbox 1421 1108 1531 1158; x_wconf 84' lang='lat' dir='ltr'>Munera</span> 
     </span>
     <span class='ocr_line' id='line_1_5' title="bbox 62 1190 1541 1272; baseline -0.001 -20"><span class='ocrx_word' id='word_1_30' title='bbox 62 1193 174 1254; x_wconf 82' lang='lat' dir='ltr'>Tacitus</span> <span class='ocrx_word' id='word_1_31' title='bbox 185 1192 209 1270; x_wconf 88' lang='lat'>¹)</span> <span class='ocrx_word' id='word_1_32' title='bbox 236 1211 362 1253; x_wconf 86' lang='lat' dir='ltr'>narrans</span> <span class='ocrx_word' id='word_1_33' title='bbox 385 1211 464 1252; x_wconf 90' lang='lat' dir='ltr'>anno</span> <span class='ocrx_word' id='word_1_34' title='bbox 485 1211 514 1268; x_wconf 91' lang='lat' dir='ltr'>p.</span> <span class='ocrx_word' id='word_1_35' title='bbox 531 1190 565 1252; x_wconf 86' lang='lat' dir='ltr'>C.</span> <span class='ocrx_word' id='word_1_36' title='bbox 587 1191 624 1250; x_wconf 80' lang='lat'>27</span> <span class='ocrx_word' id='word_1_37' title='bbox 649 1195 774 1254; x_wconf 85' lang='lat' dir='ltr'>Atilium</span> <span class='ocrx_word' id='word_1_38' title='bbox 796 1195 943 1272; x_wconf 89' lang='lat' dir='ltr'>quendam</span> <span class='ocrx_word' id='word_1_39' title='bbox 966 1195 1133 1255; x_wconf 88' lang='lat' dir='ltr'>libertinum</span> <span class='ocrx_word' id='word_1_40' title='bbox 1155 1196 1305 1254; x_wconf 89' lang='lat' dir='ltr'>hominem</span> <span class='ocrx_word' id='word_1_41' title='bbox 1327 1194 1378 1254; x_wconf 84' lang='lat' dir='ltr'>Fi·</span> <span class='ocrx_word' id='word_1_42' title='bbox 1406 1209 1541 1265; x_wconf 80' lang='lat' dir='ltr'>quaestua-</span> 
     </span>
     <span class='ocr_line' id='line_1_6' title="bbox 60 1294 1494 1375; baseline 0 -21"><span class='ocrx_word' id='word_1_43' title='bbox 60 1297 135 1356; x_wconf 88' lang='lat' dir='ltr'>denis</span> <span class='ocrx_word' id='word_1_44' title='bbox 156 1314 262 1356; x_wconf 90' lang='lat' dir='ltr'>munus</span> <span class='ocrx_word' id='word_1_45' title='bbox 284 1295 415 1355; x_wconf 83' lang='lat' dir='ltr'>edidisse</span> <span class='ocrx_word' id='word_1_46' title='bbox 437 1314 492 1354; x_wconf 93' lang='lat' dir='ltr'>non</span> <span class='ocrx_word' id='word_1_47' title='bbox 514 1295 691 1356; x_wconf 82' lang='lat' dir='ltr'>abundantio</span> <span class='ocrx_word' id='word_1_48' title='bbox 712 1301 853 1374; x_wconf 75' lang='lat' dir='ltr'>perseniae</span> <span class='ocrx_word' id='word_1_49' title='bbox 873 1317 924 1358; x_wconf 92' lang='lat' dir='ltr'>nec</span> <span class='ocrx_word' id='word_1_50' title='bbox 944 1301 1114 1375; x_wconf 81' lang='lat' dir='ltr'>municipali</span> <span class='ocrx_word' id='word_1_51' title='bbox 1134 1298 1299 1368; x_wconf 80' lang='lat' dir='ltr'>eruditione,</span> <span class='ocrx_word' id='word_1_52' title='bbox 1328 1299 1379 1356; x_wconf 88' lang='lat' dir='ltr'>sed</span> <span class='ocrx_word' id='word_1_53' title='bbox 1455 1294 1494 1343; x_wconf 83' lang='lat' dir='ltr'>ris</span> 
     </span>
     <span class='ocr_line' id='line_1_7' title="bbox 58 1399 1376 1479; baseline 0.002 -25"><span class='ocrx_word' id='word_1_54' title='bbox 58 1403 83 1456; x_wconf 88' lang='lat' dir='ltr'>in</span> <span class='ocrx_word' id='word_1_55' title='bbox 102 1401 245 1458; x_wconf 85' lang='lat' dir='ltr'>sordidum</span> <span class='ocrx_word' id='word_1_56' title='bbox 266 1401 419 1458; x_wconf 75' lang='lat' dir='ltr'>mercedem</span> <span class='ocrx_word' id='word_1_57' title='bbox 441 1417 476 1456; x_wconf 87' lang='lat' dir='ltr'>eo</span> <span class='ocrx_word' id='word_1_58' title='bbox 498 1399 617 1475; x_wconf 89' lang='lat' dir='ltr'>negotio</span> <span class='ocrx_word' id='word_1_59' title='bbox 633 1401 771 1476; x_wconf 86' lang='lat' dir='ltr'>quaesito</span> <span class='ocrx_word' id='word_1_60' title='bbox 792 1409 823 1460; x_wconf 91' lang='lat' dir='ltr'>et</span> <span class='ocrx_word' id='word_1_61' title='bbox 844 1401 1095 1478; x_wconf 74' lang='lat' dir='ltr'>amphitheatrum</span> <span class='ocrx_word' id='word_1_62' title='bbox 1117 1409 1239 1479; x_wconf 89' lang='lat' dir='ltr'>propter</span> <span class='ocrx_word' id='word_1_63' title='bbox 1253 1400 1376 1458; x_wconf 89' lang='lat' dir='ltr'>editoris</span> 
     </span>
     <span class='ocr_line' id='line_1_8' title="bbox 60 1500 1377 1581; baseline 0 -23"><span class='ocrx_word' id='word_1_64' title='bbox 60 1503 203 1561; x_wconf 85' lang='lat' dir='ltr'>eraritiam</span> <span class='ocrx_word' id='word_1_65' title='bbox 230 1520 335 1578; x_wconf 87' lang='lat' dir='ltr'>parurn</span> <span class='ocrx_word' id='word_1_66' title='bbox 362 1500 457 1560; x_wconf 91' lang='lat' dir='ltr'>solide</span> <span class='ocrx_word' id='word_1_67' title='bbox 479 1509 622 1560; x_wconf 87' lang='lat' dir='ltr'>structum</span> <span class='ocrx_word' id='word_1_68' title='bbox 645 1521 712 1562; x_wconf 88' lang='lat' dir='ltr'>cum</span> <span class='ocrx_word' id='word_1_69' title='bbox 734 1504 845 1562; x_wconf 81' lang='lat' dir='ltr'>ruisset</span> <span class='ocrx_word' id='word_1_70' title='bbox 866 1523 933 1563; x_wconf 89' lang='lat' dir='ltr'>cum</span> <span class='ocrx_word' id='word_1_71' title='bbox 956 1505 1108 1562; x_wconf 88' lang='lat' dir='ltr'>hominurn</span> <span class='ocrx_word' id='word_1_72' title='bbox 1133 1513 1232 1581; x_wconf 82' lang='lat' dir='ltr'>strage</span> <span class='ocrx_word' id='word_1_73' title='bbox 1254 1501 1377 1579; x_wconf 81' lang='lat' dir='ltr'>ingenti,</span> 
     </span>
     <span class='ocr_line' id='line_1_9' title="bbox 59 1603 1378 1682; baseline -0.002 -20"><span class='ocrx_word' id='word_1_74' title='bbox 59 1612 185 1664; x_wconf 85' lang='lat' dir='ltr'>senatum</span> <span class='ocrx_word' id='word_1_75' title='bbox 202 1603 369 1662; x_wconf 90' lang='lat' dir='ltr'>decrevisse</span> <span class='ocrx_word' id='word_1_76' title='bbox 390 1603 422 1662; x_wconf 91' lang='lat' dir='ltr'>in</span> <span class='ocrx_word' id='word_1_77' title='bbox 443 1603 584 1677; x_wconf 86' lang='lat' dir='ltr'>laturum,</span> <span class='ocrx_word' id='word_1_78' title='bbox 606 1609 725 1682; x_wconf 88' lang='lat' dir='ltr'>nequis</span> <span class='ocrx_word' id='word_1_79' title='bbox 745 1605 953 1680; x_wconf 84' lang='lat' dir='ltr'>plodiutorium</span> <span class='ocrx_word' id='word_1_80' title='bbox 975 1626 1076 1666; x_wconf 85' lang='lat' dir='ltr'>munuc</span> <span class='ocrx_word' id='word_1_81' title='bbox 1097 1608 1197 1676; x_wconf 88' lang='lat' dir='ltr'>ederet,</span> <span class='ocrx_word' id='word_1_82' title='bbox 1220 1609 1265 1664; x_wconf 86' lang='lat' dir='ltr'>cui</span> <span class='ocrx_word' id='word_1_83' title='bbox 1285 1609 1378 1662; x_wconf 88' lang='lat' dir='ltr'>minor</span> 
     </span>
     <span class='ocr_line' id='line_1_10' title="bbox 59 1706 1375 1787; baseline -0.002 -21"><span class='ocrx_word' id='word_1_84' title='bbox 59 1709 320 1784; x_wconf 80' lang='lat' dir='ltr'>quadringentomm</span> <span class='ocrx_word' id='word_1_85' title='bbox 333 1706 443 1766; x_wconf 85' lang='lat' dir='ltr'>milium</span> <span class='ocrx_word' id='word_1_86' title='bbox 464 1723 510 1766; x_wconf 87' lang='lat' dir='ltr'>res</span> <span class='ocrx_word' id='word_1_87' title='bbox 526 1716 605 1766; x_wconf 85' lang='lat' dir='ltr'>esset.</span> <span class='ocrx_word' id='word_1_88' title='bbox 638 1707 737 1768; x_wconf 85' lang='lat' dir='ltr'>Etiam</span> <span class='ocrx_word' id='word_1_89' title='bbox 754 1709 785 1766; x_wconf 90' lang='lat' dir='ltr'>in</span> <span class='ocrx_word' id='word_1_90' title='bbox 801 1708 879 1768; x_wconf 90' lang='lat' dir='ltr'>ludis</span> <span class='ocrx_word' id='word_1_91' title='bbox 896 1727 956 1768; x_wconf 90' lang='lat' dir='ltr'>non</span> <span class='ocrx_word' id='word_1_92' title='bbox 977 1717 1100 1787; x_wconf 90' lang='lat' dir='ltr'>propter</span> <span class='ocrx_word' id='word_1_93' title='bbox 1116 1715 1271 1786; x_wconf 89' lang='lat' dir='ltr'>quaestum</span> <span class='ocrx_word' id='word_1_94' title='bbox 1287 1707 1375 1766; x_wconf 87' lang='lat' dir='ltr'>editis</span> 
     </span>
     <span class='ocr_line' id='line_1_11' title="bbox 58 1808 1376 1888; baseline 0.001 -21"><span class='ocrx_word' id='word_1_95' title='bbox 58 1817 164 1884; x_wconf 85' lang='lat' dir='ltr'>praeter</span> <span class='ocrx_word' id='word_1_96' title='bbox 185 1809 254 1868; x_wconf 87' lang='lat' dir='ltr'>loca</span> <span class='ocrx_word' id='word_1_97' title='bbox 273 1808 361 1867; x_wconf 90' lang='lat' dir='ltr'>certis</span> <span class='ocrx_word' id='word_1_98' title='bbox 384 1808 538 1868; x_wconf 83' lang='lat' dir='ltr'>ordinibus</span> <span class='ocrx_word' id='word_1_99' title='bbox 561 1811 737 1888; x_wconf 86' lang='lat' dir='ltr'>personisve</span> <span class='ocrx_word' id='word_1_100' title='bbox 759 1812 881 1870; x_wconf 87' lang='lat' dir='ltr'>honoria</span> <span class='ocrx_word' id='word_1_101' title='bbox 904 1831 995 1872; x_wconf 88' lang='lat' dir='ltr'>causa</span> <span class='ocrx_word' id='word_1_102' title='bbox 1016 1821 1170 1872; x_wconf 89' lang='lat' dir='ltr'>reservata</span> <span class='ocrx_word' id='word_1_103' title='bbox 1191 1821 1221 1871; x_wconf 90' lang='lat' dir='ltr'>et</span> <span class='ocrx_word' id='word_1_104' title='bbox 1241 1829 1278 1870; x_wconf 88' lang='lat' dir='ltr'>ea</span> <span class='ocrx_word' id='word_1_105' title='bbox 1298 1827 1376 1886; x_wconf 89' lang='lat' dir='ltr'>qnae</span> 
     </span>
     <span class='ocr_line' id='line_1_12' title="bbox 58 1911 1377 1991; baseline 0.001 -22"><span class='ocrx_word' id='word_1_106' title='bbox 58 1912 128 1986; x_wconf 90' lang='lat' dir='ltr'>plebi</span> <span class='ocrx_word' id='word_1_107' title='bbox 141 1913 235 1991; x_wconf 84' lang='lat' dir='ltr'>gratis</span> <span class='ocrx_word' id='word_1_108' title='bbox 246 1912 493 1988; x_wconf 86' lang='lat' dir='ltr'>permittebantur</span> <span class='ocrx_word' id='word_1_109' title='bbox 504 1911 564 1971; x_wconf 89' lang='lat' dir='ltr'>alia</span> <span class='ocrx_word' id='word_1_110' title='bbox 578 1913 699 1991; x_wconf 91' lang='lat' dir='ltr'>publice</span> <span class='ocrx_word' id='word_1_111' title='bbox 709 1914 829 1974; x_wconf 88' lang='lat' dir='ltr'>venisse</span> <span class='ocrx_word' id='word_1_112' title='bbox 843 1915 1010 1974; x_wconf 85' lang='lat' dir='ltr'>luculenter</span> <span class='ocrx_word' id='word_1_113' title='bbox 1021 1915 1151 1976; x_wconf 87' lang='lat' dir='ltr'>ostendit</span> <span class='ocrx_word' id='word_1_114' title='bbox 1165 1921 1264 1974; x_wconf 84' lang='lat' dir='ltr'>statua</span> <span class='ocrx_word' id='word_1_115' title='bbox 1275 1911 1377 1972; x_wconf 83' lang='lat' dir='ltr'>Cirtae</span> 
     </span>
     <span class='ocr_line' id='line_1_13' title="bbox 57 2013 1376 2094; baseline 0.003 -22"><span class='ocrx_word' id='word_1_116' title='bbox 57 2015 142 2089; x_wconf 90' lang='lat' dir='ltr'>posita</span> <span class='ocrx_word' id='word_1_117' title='bbox 156 2016 251 2074; x_wconf 89' lang='lat' dir='ltr'>aviro</span> <span class='ocrx_word' id='word_1_118' title='bbox 266 2013 393 2091; x_wconf 90' lang='lat' dir='ltr'>quodam</span> <span class='ocrx_word' id='word_1_119' title='bbox 409 2015 536 2074; x_wconf 87' lang='lat' dir='ltr'>honesto</span> <span class='ocrx_word' id='word_1_120' title='bbox 552 2034 585 2074; x_wconf 87' lang='lat' dir='ltr'>ec</span> <span class='ocrx_word' id='word_1_121' title='bbox 598 2016 736 2076; x_wconf 84' lang='lat' dir='ltr'>reditibus</span> <span class='ocrx_word' id='word_1_122' title='bbox 752 2017 877 2076; x_wconf 88' lang='lat' dir='ltr'>locorum</span> <span class='ocrx_word' id='word_1_123' title='bbox 892 2019 1074 2094; x_wconf 84' lang='lat' dir='ltr'>ampitheatri</span> <span class='ocrx_word' id='word_1_124' title='bbox 1089 2021 1145 2077; x_wconf 87' lang='lat' dir='ltr'>diei</span> <span class='ocrx_word' id='word_1_125' title='bbox 1159 2019 1280 2076; x_wconf 87' lang='lat' dir='ltr'>muneris</span> <span class='ocrx_word' id='word_1_126' title='bbox 1295 2033 1376 2092; x_wconf 87' lang='lat' dir='ltr'>quem</span> 
     </span>
     <span class='ocr_line' id='line_1_14' title="bbox 57 2115 1376 2196; baseline 0.003 -22"><span class='ocrx_word' id='word_1_127' title='bbox 57 2119 85 2175; x_wconf 90' lang='lat' dir='ltr'>dc</span> <span class='ocrx_word' id='word_1_128' title='bbox 103 2117 273 2178; x_wconf 83' lang='lat' dir='ltr'>iiberalitate</span> <span class='ocrx_word' id='word_1_129' title='bbox 293 2135 348 2176; x_wconf 90' lang='lat' dir='ltr'>suu</span> <span class='ocrx_word' id='word_1_130' title='bbox 370 2115 503 2194; x_wconf 62' lang='lat' dir='ltr'>aarum).</span> <span class='ocrx_word' id='word_1_131' title='bbox 545 2117 593 2176; x_wconf 81' lang='lat' dir='ltr'>Eo</span> <span class='ocrx_word' id='word_1_132' title='bbox 615 2119 764 2196; x_wconf 86' lang='lat' dir='ltr'>pertinent</span> <span class='ocrx_word' id='word_1_133' title='bbox 785 2121 850 2179; x_wconf 91' lang='lat' dir='ltr'>sine</span> <span class='ocrx_word' id='word_1_134' title='bbox 872 2121 963 2180; x_wconf 90' lang='lat' dir='ltr'>dubio</span> <span class='ocrx_word' id='word_1_135' title='bbox 984 2128 1045 2180; x_wconf 88' lang='lat' dir='ltr'>tam</span> <span class='ocrx_word' id='word_1_136' title='bbox 1068 2139 1186 2180; x_wconf 87' lang='lat' dir='ltr'>munero</span> <span class='ocrx_word' id='word_1_137' title='bbox 1206 2121 1376 2194; x_wconf 74' lang='lat' dir='ltr'>cesifhruno</span> 
     </span>
     <span class='ocr_line' id='line_1_15' title="bbox 56 2217 1374 2300; baseline 0.002 -24"><span class='ocrx_word' id='word_1_138' title='bbox 56 2219 129 2279; x_wconf 91' lang='lat' dir='ltr'>huius</span> <span class='ocrx_word' id='word_1_139' title='bbox 148 2219 313 2280; x_wconf 87' lang='lat' dir='ltr'>sententiae</span> <span class='ocrx_word' id='word_1_140' title='bbox 328 2217 396 2295; x_wconf 78' lang='lat'>(29)</span> <span class='ocrx_word' id='word_1_141' title='bbox 416 2239 504 2297; x_wconf 89' lang='lat' dir='ltr'>quam</span> <span class='ocrx_word' id='word_1_142' title='bbox 524 2221 608 2280; x_wconf 89' lang='lat' dir='ltr'>cuius</span> <span class='ocrx_word' id='word_1_143' title='bbox 624 2219 826 2298; x_wconf 84' lang='lat' dir='ltr'>Suetonius³)</span> <span class='ocrx_word' id='word_1_144' title='bbox 847 2223 980 2282; x_wconf 90' lang='lat' dir='ltr'>meminit</span> <span class='ocrx_word' id='word_1_145' title='bbox 998 2226 1239 2300; x_wconf 74' lang='lat' dir='ltr'>circumforaneae</span> <span class='ocrx_word' id='word_1_146' title='bbox 1255 2223 1374 2280; x_wconf 85' lang='lat' dir='ltr'>laniato:</span> 
     </span>
     <span class='ocr_line' id='line_1_16' title="bbox 56 2321 1376 2404; baseline 0.003 -26"><span class='ocrx_word' id='word_1_147' title='bbox 56 2323 158 2382; x_wconf 89' lang='lat' dir='ltr'>seilicet</span> <span class='ocrx_word' id='word_1_148' title='bbox 183 2321 255 2381; x_wconf 87' lang='lat' dir='ltr'>talia</span> <span class='ocrx_word' id='word_1_149' title='bbox 280 2341 403 2382; x_wconf 90' lang='lat' dir='ltr'>munera</span> <span class='ocrx_word' id='word_1_150' title='bbox 424 2323 531 2382; x_wconf 86' lang='lat' dir='ltr'>edebat</span> <span class='ocrx_word' id='word_1_151' title='bbox 557 2323 669 2382; x_wconf 89' lang='lat' dir='ltr'>lanista</span> <span class='ocrx_word' id='word_1_152' title='bbox 690 2325 741 2400; x_wconf 92' lang='lat' dir='ltr'>qui</span> <span class='ocrx_word' id='word_1_153' title='bbox 764 2324 855 2383; x_wconf 90' lang='lat' dir='ltr'>vellet</span> <span class='ocrx_word' id='word_1_154' title='bbox 880 2345 934 2402; x_wconf 88' lang='lat' dir='ltr'>per</span> <span class='ocrx_word' id='word_1_155' title='bbox 956 2327 1134 2404; x_wconf 88' lang='lat' dir='ltr'>oppidorum</span> <span class='ocrx_word' id='word_1_156' title='bbox 1160 2325 1228 2384; x_wconf 84' lang='lat' dir='ltr'>fora</span> <span class='ocrx_word' id='word_1_157' title='bbox 1249 2341 1334 2384; x_wconf 88' lang='lat' dir='ltr'>asses</span> <span class='ocrx_word' id='word_1_158' title='bbox 1357 2343 1376 2382; x_wconf 88' lang='lat' dir='ltr'>a</span> 
     </span>
     <span class='ocr_line' id='line_1_17' title="bbox 56 2425 1374 2506; baseline 0.002 -24"><span class='ocrx_word' id='word_1_159' title='bbox 56 2428 263 2502; x_wconf 79' lang='lat' dir='ltr'>spectatoribus</span> <span class='ocrx_word' id='word_1_160' title='bbox 284 2425 340 2506; x_wconf 79' lang='lat' dir='ltr'>pro</span> <span class='ocrx_word' id='word_1_161' title='bbox 361 2427 436 2487; x_wconf 90' lang='lat' dir='ltr'>locis</span> <span class='ocrx_word' id='word_1_162' title='bbox 459 2425 632 2503; x_wconf 65' lang='lat' dir='ltr'>exigensi).</span> <span class='ocrx_word' id='word_1_163' title='bbox 669 2425 738 2486; x_wconf 88' lang='lat' dir='ltr'>Nou</span> <span class='ocrx_word' id='word_1_164' title='bbox 759 2445 900 2504; x_wconf 86' lang='lat' dir='ltr'>maguum</span> <span class='ocrx_word' id='word_1_165' title='bbox 920 2437 1069 2505; x_wconf 90' lang='lat' dir='ltr'>sumptum</span> <span class='ocrx_word' id='word_1_166' title='bbox 1092 2429 1122 2486; x_wconf 93' lang='lat' dir='ltr'>in</span> <span class='ocrx_word' id='word_1_167' title='bbox 1142 2427 1290 2488; x_wconf 90' lang='lat' dir='ltr'>eiusmodi</span> <span class='ocrx_word' id='word_1_168' title='bbox 1311 2447 1374 2486; x_wconf 90' lang='lat' dir='ltr'>mu·</span> 
     </span>
     <span class='ocr_line' id='line_1_18' title="bbox 56 2529 1375 2606; baseline 0.004 -23"><span class='ocrx_word' id='word_1_169' title='bbox 56 2545 116 2586; x_wconf 91' lang='lat' dir='ltr'>nera</span> <span class='ocrx_word' id='word_1_170' title='bbox 134 2529 246 2590; x_wconf 84' lang='lat' dir='ltr'>lactum</span> <span class='ocrx_word' id='word_1_171' title='bbox 268 2548 335 2590; x_wconf 91' lang='lat' dir='ltr'>esse</span> <span class='ocrx_word' id='word_1_172' title='bbox 357 2537 591 2590; x_wconf 89' lang='lat' dir='ltr'>consentaneum</span> <span class='ocrx_word' id='word_1_173' title='bbox 613 2535 659 2590; x_wconf 85' lang='lat' dir='ltr'>est</span> <span class='ocrx_word' id='word_1_174' title='bbox 680 2537 710 2588; x_wconf 89' lang='lat' dir='ltr'>et</span> <span class='ocrx_word' id='word_1_175' title='bbox 731 2529 906 2606; x_wconf 88' lang='lat' dir='ltr'>plerumque</span> <span class='ocrx_word' id='word_1_176' title='bbox 927 2531 1007 2590; x_wconf 84' lang='lat' dir='ltr'>inira</span> <span class='ocrx_word' id='word_1_177' title='bbox 1029 2531 1196 2592; x_wconf 87' lang='lat' dir='ltr'>sestertium</span> <span class='ocrx_word' id='word_1_178' title='bbox 1212 2529 1304 2590; x_wconf 85' lang='lat' dir='ltr'>XXX</span> <span class='ocrx_word' id='word_1_179' title='bbox 1319 2530 1375 2588; x_wconf 89' lang='lat' dir='ltr'>mi·</span> 
     </span>
     <span class='ocr_line' id='line_1_19' title="bbox 57 2627 1374 2711; baseline 0.005 -25"><span class='ocrx_word' id='word_1_180' title='bbox 57 2627 89 2686; x_wconf 89' lang='lat' dir='ltr'>lia</span> <span class='ocrx_word' id='word_1_181' title='bbox 107 2630 156 2704; x_wconf 91' lang='lat'>(=</span> <span class='ocrx_word' id='word_1_182' title='bbox 172 2651 265 2692; x_wconf 90' lang='lat' dir='ltr'>marc.</span> <span class='ocrx_word' id='word_1_183' title='bbox 283 2633 378 2708; x_wconf 82' lang='lat'>6500)</span> <span class='ocrx_word' id='word_1_184' title='bbox 406 2652 472 2692; x_wconf 91' lang='lat' dir='ltr'>eum</span> <span class='ocrx_word' id='word_1_185' title='bbox 500 2633 621 2693; x_wconf 86' lang='lat' dir='ltr'>stetisse</span> <span class='ocrx_word' id='word_1_186' title='bbox 649 2632 714 2690; x_wconf 86' lang='lat' dir='ltr'>iure</span> <span class='ocrx_word' id='word_1_187' title='bbox 740 2651 779 2691; x_wconf 86' lang='lat' dir='ltr'>ex</span> <span class='ocrx_word' id='word_1_188' title='bbox 801 2633 858 2692; x_wconf 87' lang='lat' dir='ltr'>hac</span> <span class='ocrx_word' id='word_1_189' title='bbox 881 2633 1029 2692; x_wconf 89' lang='lat' dir='ltr'>sententia</span> <span class='ocrx_word' id='word_1_190' title='bbox 1057 2635 1241 2711; x_wconf 90' lang='lat' dir='ltr'>colligemus.</span> <span class='ocrx_word' id='word_1_191' title='bbox 1285 2633 1374 2692; x_wconf 86' lang='lat' dir='ltr'>Eius-</span> 
     </span>
     <span class='ocr_line' id='line_1_20' title="bbox 60 2733 1372 2807; baseline 0.004 -19"><span class='ocrx_word' id='word_1_192' title='bbox 60 2733 123 2791; x_wconf 89' lang='lat' dir='ltr'>nodi</span> <span class='ocrx_word' id='word_1_193' title='bbox 143 2737 317 2796; x_wconf 89' lang='lat' dir='ltr'>muneribus</span> <span class='ocrx_word' id='word_1_194' title='bbox 338 2753 404 2797; x_wconf 85' lang='lat' dir='ltr'>cum</span> <span class='ocrx_word' id='word_1_195' title='bbox 427 2753 487 2795; x_wconf 95' lang='lat' dir='ltr'>non</span> <span class='ocrx_word' id='word_1_196' title='bbox 502 2735 662 2794; x_wconf 89' lang='lat' dir='ltr'>verendum</span> <span class='ocrx_word' id='word_1_197' title='bbox 679 2745 768 2807; x_wconf 90' lang='lat' dir='ltr'>esset,</span> <span class='ocrx_word' id='word_1_198' title='bbox 790 2755 828 2794; x_wconf 91' lang='lat' dir='ltr'>ne</span> <span class='ocrx_word' id='word_1_199' title='bbox 849 2735 987 2795; x_wconf 84' lang='lat' dir='ltr'>fortunae</span> <span class='ocrx_word' id='word_1_200' title='bbox 1010 2737 1213 2796; x_wconf 89' lang='lat' dir='ltr'>honestiorum</span> <span class='ocrx_word' id='word_1_201' title='bbox 1236 2735 1372 2794; x_wconf 86' lang='lat' dir='ltr'>exhauri·</span> 
     </span>
     <span class='ocr_line' id='line_1_21' title="bbox 60 2837 1373 2917; baseline 0.005 -29"><span class='ocrx_word' id='word_1_202' title='bbox 60 2847 151 2910; x_wconf 91' lang='lat' dir='ltr'>rentur,</span> <span class='ocrx_word' id='word_1_203' title='bbox 173 2857 298 2898; x_wconf 88' lang='lat' dir='ltr'>munera</span> <span class='ocrx_word' id='word_1_204' title='bbox 312 2838 503 2916; x_wconf 87' lang='lat' dir='ltr'>quaestuaria</span> <span class='ocrx_word' id='word_1_205' title='bbox 524 2839 597 2897; x_wconf 91' lang='lat' dir='ltr'>haec</span> <span class='ocrx_word' id='word_1_206' title='bbox 614 2837 763 2896; x_wconf 92' lang='lat' dir='ltr'>ordinatio</span> <span class='ocrx_word' id='word_1_207' title='bbox 784 2839 904 2916; x_wconf 89' lang='lat' dir='ltr'>proprie</span> <span class='ocrx_word' id='word_1_208' title='bbox 927 2859 987 2898; x_wconf 90' lang='lat' dir='ltr'>aon</span> <span class='ocrx_word' id='word_1_209' title='bbox 1009 2839 1219 2917; x_wconf 87' lang='lat' dir='ltr'>apprehendit;</span> <span class='ocrx_word' id='word_1_210' title='bbox 1242 2847 1373 2898; x_wconf 87' lang='lat' dir='ltr'>attamen</span> 
     </span>
     <span class='ocr_line' id='line_1_22' title="bbox 59 2941 1373 3018; baseline 0.005 -25"><span class='ocrx_word' id='word_1_211' title='bbox 59 2945 83 2993; x_wconf 88' lang='lat' dir='ltr'>ut</span> <span class='ocrx_word' id='word_1_212' title='bbox 100 2941 245 3000; x_wconf 87' lang='lat' dir='ltr'>sententia</span> <span class='ocrx_word' id='word_1_213' title='bbox 266 2941 380 3018; x_wconf 89' lang='lat' dir='ltr'>scripta</span> <span class='ocrx_word' id='word_1_214' title='bbox 401 2951 455 3014; x_wconf 91' lang='lat' dir='ltr'>est,</span> <span class='ocrx_word' id='word_1_215' title='bbox 478 2941 516 2999; x_wconf 89' lang='lat' dir='ltr'>ad</span> <span class='ocrx_word' id='word_1_216' title='bbox 531 2959 651 3000; x_wconf 89' lang='lat' dir='ltr'>causam</span> <span class='ocrx_word' id='word_1_217' title='bbox 666 2941 797 3000; x_wconf 88' lang='lat' dir='ltr'>muneris</span> <span class='ocrx_word' id='word_1_218' title='bbox 812 2960 872 3000; x_wconf 88' lang='lat' dir='ltr'>nou</span> <span class='ocrx_word' id='word_1_219' title='bbox 888 2942 1058 3015; x_wconf 86' lang='lat' dir='ltr'>attenditur,</span> <span class='ocrx_word' id='word_1_220' title='bbox 1082 2941 1134 3002; x_wconf 91' lang='lat' dir='ltr'>sed</span> <span class='ocrx_word' id='word_1_221' title='bbox 1156 2941 1193 3001; x_wconf 90' lang='lat' dir='ltr'>ad</span> <span class='ocrx_word' id='word_1_222' title='bbox 1215 2941 1295 3000; x_wconf 87' lang='lat' dir='ltr'>solas</span> <span class='ocrx_word' id='word_1_223' title='bbox 1317 2941 1373 2999; x_wconf 91' lang='lat' dir='ltr'>im·</span> 
     </span>
     <span class='ocr_line' id='line_1_23' title="bbox 59 3027 1372 3122; baseline 0.005 -26"><span class='ocrx_word' id='word_1_224' title='bbox 59 3057 149 3112; x_wconf 85' lang='lat' dir='ltr'>pensas</span> <span class='ocrx_word' id='word_1_225' title='bbox 174 3043 377 3122; x_wconf 88' lang='lat' dir='ltr'>quaestuariis</span> <span class='ocrx_word' id='word_1_226' title='bbox 404 3043 578 3103; x_wconf 88' lang='lat' dir='ltr'>muneribus</span> <span class='ocrx_word' id='word_1_227' title='bbox 607 3063 642 3102; x_wconf 87' lang='lat' dir='ltr'>es</span> <span class='ocrx_word' id='word_1_228' title='bbox 670 3051 785 3102; x_wconf 86' lang='lat' dir='ltr'>tautum</span> <span class='ocrx_word' id='word_1_229' title='bbox 813 3045 929 3104; x_wconf 91' lang='lat' dir='ltr'>ratione</span> <span class='ocrx_word' id='word_1_230' title='bbox 956 3045 1103 3118; x_wconf 86' lang='lat' dir='ltr'>exclusis,</span> <span class='ocrx_word' id='word_1_231' title='bbox 1134 3043 1214 3122; x_wconf 91' lang='lat' dir='ltr'>quod</span> <span class='ocrx_word' id='word_1_232' title='bbox 1243 3027 1372 3120; x_wconf 83' lang='lat' dir='ltr'>plerum·</span> 
     </span>
     <span class='ocr_line' id='line_1_24' title="bbox 59 3145 1372 3224; baseline 0.005 -25"><span class='ocrx_word' id='word_1_233' title='bbox 59 3157 102 3214; x_wconf 91' lang='lat' dir='ltr'>que</span> <span class='ocrx_word' id='word_1_234' title='bbox 114 3145 194 3206; x_wconf 88' lang='lat' dir='ltr'>illam</span> <span class='ocrx_word' id='word_1_235' title='bbox 210 3165 356 3206; x_wconf 89' lang='lat' dir='ltr'>summam</span> <span class='ocrx_word' id='word_1_236' title='bbox 371 3166 432 3206; x_wconf 88' lang='lat' dir='ltr'>nou</span> <span class='ocrx_word' id='word_1_237' title='bbox 447 3147 643 3220; x_wconf 85' lang='lat' dir='ltr'>excedebant,</span> <span class='ocrx_word' id='word_1_238' title='bbox 668 3156 699 3204; x_wconf 92' lang='lat' dir='ltr'>ut</span> <span class='ocrx_word' id='word_1_239' title='bbox 720 3145 832 3224; x_wconf 90' lang='lat' dir='ltr'>pariter</span> <span class='ocrx_word' id='word_1_240' title='bbox 846 3147 1047 3207; x_wconf 84' lang='lat' dir='ltr'>excluduntur</span> <span class='ocrx_word' id='word_1_241' title='bbox 1061 3148 1124 3206; x_wconf 93' lang='lat' dir='ltr'>ludi</span> <span class='ocrx_word' id='word_1_242' title='bbox 1139 3167 1179 3208; x_wconf 91' lang='lat' dir='ltr'>ex</span> <span class='ocrx_word' id='word_1_243' title='bbox 1193 3147 1372 3207; x_wconf 85' lang='lat' dir='ltr'>liberalitate</span> 
     </span>
     <span class='ocr_line' id='line_1_25' title="bbox 58 3241 1372 3328; baseline 0.007 -29"><span class='ocrx_word' id='word_1_244' title='bbox 58 3241 114 3304; x_wconf 89' lang='lat' dir='ltr'>editi</span> <span class='ocrx_word' id='word_1_245' title='bbox 137 3256 274 3328; x_wconf 88' lang='lat' dir='ltr'>sumptus</span> <span class='ocrx_word' id='word_1_246' title='bbox 300 3249 402 3326; x_wconf 84' lang='lat' dir='ltr'>exigui</span> <span class='ocrx_word' id='word_1_247' title='bbox 428 3258 457 3308; x_wconf 87' lang='lat' dir='ltr'>et</span> <span class='ocrx_word' id='word_1_248' title='bbox 483 3256 643 3326; x_wconf 89' lang='lat' dir='ltr'>propterea</span> <span class='ocrx_word' id='word_1_249' title='bbox 668 3250 760 3308; x_wconf 87' lang='lat' dir='ltr'>menti</span> <span class='ocrx_word' id='word_1_250' title='bbox 787 3249 864 3327; x_wconf 87' lang='lat' dir='ltr'>legis</span> <span class='ocrx_word' id='word_1_251' title='bbox 892 3269 951 3310; x_wconf 91' lang='lat' dir='ltr'>non</span> <span class='ocrx_word' id='word_1_252' title='bbox 982 3251 1185 3310; x_wconf 84' lang='lat' dir='ltr'>adversantes.</span> <span class='ocrx_word' id='word_1_253' title='bbox 1226 3251 1372 3310; x_wconf 86' lang='lat' dir='ltr'>Fortasse</span> 
     </span>
     <span class='ocr_line' id='line_1_26' title="bbox 57 3349 1372 3430; baseline 0.005 -26"><span class='ocrx_word' id='word_1_254' title='bbox 57 3349 173 3420; x_wconf 86' lang='lat' dir='ltr'>quaestio</span> <span class='ocrx_word' id='word_1_255' title='bbox 194 3351 344 3412; x_wconf 86' lang='lat' dir='ltr'>interdum</span> <span class='ocrx_word' id='word_1_256' title='bbox 359 3351 502 3423; x_wconf 83' lang='lat' dir='ltr'>difficilis,</span> <span class='ocrx_word' id='word_1_257' title='bbox 524 3371 584 3430; x_wconf 91' lang='lat' dir='ltr'>qua</span> <span class='ocrx_word' id='word_1_258' title='bbox 604 3371 751 3412; x_wconf 88' lang='lat' dir='ltr'>excausa</span> <span class='ocrx_word' id='word_1_259' title='bbox 772 3353 840 3430; x_wconf 84' lang='lat' dir='ltr'>quia</span> <span class='ocrx_word' id='word_1_260' title='bbox 862 3353 950 3413; x_wconf 91' lang='lat' dir='ltr'>ludos</span> <span class='ocrx_word' id='word_1_261' title='bbox 964 3353 1066 3414; x_wconf 89' lang='lat' dir='ltr'>ederet</span> <span class='ocrx_word' id='word_1_262' title='bbox 1088 3361 1120 3412; x_wconf 91' lang='lat' dir='ltr'>ut</span> <span class='ocrx_word' id='word_1_263' title='bbox 1140 3353 1310 3425; x_wconf 85' lang='lat' dir='ltr'>evitaretur,</span> <span class='ocrx_word' id='word_1_264' title='bbox 1333 3351 1372 3410; x_wconf 90' lang='lat' dir='ltr'>ad</span> 
     </span>
     <span class='ocr_line' id='line_1_27' title="bbox 58 3449 863 3534; baseline 0.015 -32"><span class='ocrx_word' id='word_1_265' title='bbox 58 3449 137 3510; x_wconf 86' lang='lat' dir='ltr'>solum</span> <span class='ocrx_word' id='word_1_266' title='bbox 158 3463 310 3534; x_wconf 91' lang='lat' dir='ltr'>sumptum</span> <span class='ocrx_word' id='word_1_267' title='bbox 331 3454 469 3514; x_wconf 90' lang='lat' dir='ltr'>ludorum</span> <span class='ocrx_word' id='word_1_268' title='bbox 490 3454 651 3530; x_wconf 88' lang='lat' dir='ltr'>dispositio</span> <span class='ocrx_word' id='word_1_269' title='bbox 673 3455 863 3514; x_wconf 82' lang='lat' dir='ltr'>referebatur.</span> 
     </span>
    </p>

    <p class='ocr_par' dir='ltr' id='par_1_3' title="bbox 57 3553 1533 4045">
     <span class='ocr_line' id='line_1_28' title="bbox 123 3553 1520 3636; baseline 0.003 -24"><span class='ocrx_word' id='word_1_270' title='bbox 123 3553 169 3614; x_wconf 81' lang='lat' dir='ltr'>Ex</span> <span class='ocrx_word' id='word_1_271' title='bbox 191 3557 366 3636; x_wconf 84' lang='lat' dir='ltr'>largitione,</span> <span class='ocrx_word' id='word_1_272' title='bbox 393 3575 453 3634; x_wconf 88' lang='lat' dir='ltr'>qua</span> <span class='ocrx_word' id='word_1_273' title='bbox 474 3557 582 3618; x_wconf 91' lang='lat' dir='ltr'>divites</span> <span class='ocrx_word' id='word_1_274' title='bbox 603 3557 683 3618; x_wconf 82' lang='lat' dir='ltr'>cives</span> <span class='ocrx_word' id='word_1_275' title='bbox 705 3557 809 3634; x_wconf 91' lang='lat' dir='ltr'>populi</span> <span class='ocrx_word' id='word_1_276' title='bbox 835 3558 971 3617; x_wconf 87' lang='lat' dir='ltr'>favorem</span> <span class='ocrx_word' id='word_1_277' title='bbox 997 3559 1055 3618; x_wconf 91' lang='lat' dir='ltr'>sibi</span> <span class='ocrx_word' id='word_1_278' title='bbox 1077 3559 1284 3630; x_wconf 86' lang='lat' dir='ltr'>conciliarent,</span> <span class='ocrx_word' id='word_1_279' title='bbox 1311 3558 1370 3616; x_wconf 88' lang='lat' dir='ltr'>ori·</span> <span class='ocrx_word' id='word_1_280' title='bbox 1411 3574 1520 3624; x_wconf 82' lang='lat' dir='ltr'>hiunera</span> 
     </span>
     <span class='ocr_line' id='line_1_29' title="bbox 57 3651 1533 3738; baseline 0.001 -22"><span class='ocrx_word' id='word_1_281' title='bbox 57 3651 137 3727; x_wconf 75' lang='lat' dir='ltr'>gluem</span> <span class='ocrx_word' id='word_1_282' title='bbox 157 3659 267 3721; x_wconf 91' lang='lat' dir='ltr'>ducere</span> <span class='ocrx_word' id='word_1_283' title='bbox 288 3679 414 3719; x_wconf 90' lang='lat' dir='ltr'>munera</span> <span class='ocrx_word' id='word_1_284' title='bbox 436 3660 536 3719; x_wconf 89' lang='lat' dir='ltr'>tritum</span> <span class='ocrx_word' id='word_1_285' title='bbox 559 3669 607 3719; x_wconf 91' lang='lat' dir='ltr'>est</span> <span class='ocrx_word' id='word_1_286' title='bbox 631 3671 661 3719; x_wconf 89' lang='lat' dir='ltr'>et</span> <span class='ocrx_word' id='word_1_287' title='bbox 687 3661 896 3738; x_wconf 86' lang='lat' dir='ltr'>pervulgatum</span> <span class='ocrx_word' id='word_1_288' title='bbox 923 3679 1020 3738; x_wconf 89' lang='lat' dir='ltr'>neque</span> <span class='ocrx_word' id='word_1_289' title='bbox 1042 3662 1080 3720; x_wconf 87' lang='lat' dir='ltr'>de</span> <span class='ocrx_word' id='word_1_290' title='bbox 1106 3681 1142 3722; x_wconf 89' lang='lat' dir='ltr'>ea</span> <span class='ocrx_word' id='word_1_291' title='bbox 1167 3681 1200 3720; x_wconf 89' lang='lat' dir='ltr'>re</span> <span class='ocrx_word' id='word_1_292' title='bbox 1225 3679 1281 3720; x_wconf 89' lang='lat' dir='ltr'>noa</span> <span class='ocrx_word' id='word_1_293' title='bbox 1304 3669 1371 3720; x_wconf 90' lang='lat' dir='ltr'>acta</span> <span class='ocrx_word' id='word_1_294' title='bbox 1395 3681 1427 3717; x_wconf 82' lang='lat' dir='ltr'>ex</span> <span class='ocrx_word' id='word_1_295' title='bbox 1441 3668 1533 3718; x_wconf 82' lang='lat' dir='ltr'>libcra-</span> 
     </span>
     <span class='ocr_line' id='line_1_30' title="bbox 57 3761 1502 3841; baseline 0.004 -26"><span class='ocrx_word' id='word_1_296' title='bbox 57 3772 169 3831; x_wconf 81' lang='lat' dir='ltr'>agemus.</span> <span class='ocrx_word' id='word_1_297' title='bbox 205 3761 267 3824; x_wconf 88' lang='lat' dir='ltr'>Sed</span> <span class='ocrx_word' id='word_1_298' title='bbox 288 3763 345 3822; x_wconf 88' lang='lat' dir='ltr'>hoc</span> <span class='ocrx_word' id='word_1_299' title='bbox 360 3761 618 3836; x_wconf 89' lang='lat' dir='ltr'>considerandum,</span> <span class='ocrx_word' id='word_1_300' title='bbox 640 3763 790 3839; x_wconf 90' lang='lat' dir='ltr'>quomodo</span> <span class='ocrx_word' id='word_1_301' title='bbox 814 3763 989 3823; x_wconf 90' lang='lat' dir='ltr'>eonomine</span> <span class='ocrx_word' id='word_1_302' title='bbox 1011 3763 1131 3824; x_wconf 80' lang='lat' dir='ltr'>differat</span> <span class='ocrx_word' id='word_1_303' title='bbox 1152 3763 1288 3824; x_wconf 90' lang='lat' dir='ltr'>condicio</span> <span class='ocrx_word' id='word_1_304' title='bbox 1310 3763 1369 3841; x_wconf 93' lang='lat' dir='ltr'>pri·</span> <span class='ocrx_word' id='word_1_305' title='bbox 1430 3761 1502 3810; x_wconf 81' lang='lat' dir='ltr'>litate</span> 
     </span>
     <span class='ocr_line' id='line_1_31' title="bbox 57 3864 1369 3942; baseline 0.005 -24"><span class='ocrx_word' id='word_1_306' title='bbox 57 3867 173 3922; x_wconf 76' lang='lat' dir='ltr'>vamum</span> <span class='ocrx_word' id='word_1_307' title='bbox 195 3866 310 3938; x_wconf 75' lang='lat' dir='ltr'>ebrum,</span> <span class='ocrx_word' id='word_1_308' title='bbox 332 3865 383 3942; x_wconf 92' lang='lat' dir='ltr'>qui</span> <span class='ocrx_word' id='word_1_309' title='bbox 406 3865 444 3924; x_wconf 90' lang='lat' dir='ltr'>ad</span> <span class='ocrx_word' id='word_1_310' title='bbox 459 3864 617 3924; x_wconf 89' lang='lat' dir='ltr'>editionem</span> <span class='ocrx_word' id='word_1_311' title='bbox 639 3875 815 3926; x_wconf 87' lang='lat' dir='ltr'>moveantur</span> <span class='ocrx_word' id='word_1_312' title='bbox 833 3884 979 3926; x_wconf 87' lang='lat' dir='ltr'>excausa</span> <span class='ocrx_word' id='word_1_313' title='bbox 1001 3867 1120 3942; x_wconf 88' lang='lat' dir='ltr'>publica</span> <span class='ocrx_word' id='word_1_314' title='bbox 1141 3867 1234 3938; x_wconf 89' lang='lat' dir='ltr'>nulla,</span> <span class='ocrx_word' id='word_1_315' title='bbox 1257 3877 1287 3926; x_wconf 89' lang='lat' dir='ltr'>et</span> <span class='ocrx_word' id='word_1_316' title='bbox 1308 3885 1369 3926; x_wconf 90' lang='lat' dir='ltr'>ma·</span> 
     </span>
     <span class='ocr_line' id='line_1_32' title="bbox 57 3959 1305 4045; baseline 0.007 -27"><span class='ocrx_word' id='word_1_317' title='bbox 57 3959 213 4034; x_wconf 74' lang='lat' dir='ltr'>g&#39;stratuum</span> <span class='ocrx_word' id='word_1_318' title='bbox 239 3968 494 4045; x_wconf 87' lang='lat' dir='ltr'>sacerdotumque,</span> <span class='ocrx_word' id='word_1_319' title='bbox 517 3987 592 4045; x_wconf 90' lang='lat' dir='ltr'>quos</span> <span class='ocrx_word' id='word_1_320' title='bbox 613 3967 650 4026; x_wconf 90' lang='lat' dir='ltr'>ad</span> <span class='ocrx_word' id='word_1_321' title='bbox 673 3969 820 4028; x_wconf 87' lang='lat' dir='ltr'>eiusmodi</span> <span class='ocrx_word' id='word_1_322' title='bbox 842 3969 1050 4028; x_wconf 84' lang='lat' dir='ltr'>liberalitatem</span> <span class='ocrx_word' id='word_1_323' title='bbox 1073 3969 1171 4029; x_wconf 91' lang='lat' dir='ltr'>honor</span> <span class='ocrx_word' id='word_1_324' title='bbox 1191 3969 1305 4030; x_wconf 84' lang='lat' dir='ltr'>invitet.</span> 
     </span>
    </p>

    <p class='ocr_par' dir='ltr' id='par_1_4' title="bbox 56 4070 1524 4560">
     <span class='ocr_line' id='line_1_33' title="bbox 124 4070 1524 4152; baseline 0.006 -25"><span class='ocrx_word' id='word_1_325' title='bbox 124 4071 150 4127; x_wconf 77' lang='lat' dir='ltr'>A</span> <span class='ocrx_word' id='word_1_326' title='bbox 180 4070 300 4148; x_wconf 87' lang='lat' dir='ltr'>privata</span> <span class='ocrx_word' id='word_1_327' title='bbox 329 4070 459 4130; x_wconf 88' lang='lat' dir='ltr'>editi0ue</span> <span class='ocrx_word' id='word_1_328' title='bbox 491 4071 562 4130; x_wconf 90' lang='lat' dir='ltr'>licet</span> <span class='ocrx_word' id='word_1_329' title='bbox 592 4091 716 4130; x_wconf 87' lang='lat' dir='ltr'>munera</span> <span class='ocrx_word' id='word_1_330' title='bbox 741 4071 981 4150; x_wconf 86' lang='lat' dir='ltr'>proficiscantur,</span> <span class='ocrx_word' id='word_1_331' title='bbox 1010 4072 1066 4131; x_wconf 90' lang='lat' dir='ltr'>hac</span> <span class='ocrx_word' id='word_1_332' title='bbox 1093 4079 1191 4132; x_wconf 85' lang='lat' dir='ltr'>aetate</span> <span class='ocrx_word' id='word_1_333' title='bbox 1217 4073 1249 4131; x_wconf 93' lang='lat' dir='ltr'>id</span> <span class='ocrx_word' id='word_1_334' title='bbox 1275 4089 1369 4150; x_wconf 88' lang='lat' dir='ltr'>genus</span> <span class='ocrx_word' id='word_1_335' title='bbox 1411 4086 1524 4152; x_wconf 71' lang='lat' dir='ltr'>priuato-</span> 
     </span>
     <span class='ocr_line' id='line_1_34' title="bbox 57 4164 1493 4252; baseline 0.006 -31"><span class='ocrx_word' id='word_1_336' title='bbox 57 4164 182 4230; x_wconf 81' lang='lat' dir='ltr'>editionis</span> <span class='ocrx_word' id='word_1_337' title='bbox 209 4173 419 4233; x_wconf 87' lang='lat' dir='ltr'>secundarium</span> <span class='ocrx_word' id='word_1_338' title='bbox 449 4173 560 4232; x_wconf 86' lang='lat' dir='ltr'>iactum</span> <span class='ocrx_word' id='word_1_339' title='bbox 589 4183 635 4234; x_wconf 89' lang='lat' dir='ltr'>est</span> <span class='ocrx_word' id='word_1_340' title='bbox 661 4183 690 4234; x_wconf 92' lang='lat' dir='ltr'>et</span> <span class='ocrx_word' id='word_1_341' title='bbox 717 4174 846 4236; x_wconf 84' lang='lat' dir='ltr'>fortasse</span> <span class='ocrx_word' id='word_1_342' title='bbox 873 4175 989 4252; x_wconf 90' lang='lat' dir='ltr'>legibus</span> <span class='ocrx_word' id='word_1_343' title='bbox 1017 4192 1136 4252; x_wconf 91' lang='lat' dir='ltr'>quoque</span> <span class='ocrx_word' id='word_1_344' title='bbox 1164 4175 1369 4252; x_wconf 81' lang='lat' dir='ltr'>olrcumscrip·</span> <span class='ocrx_word' id='word_1_345' title='bbox 1437 4195 1493 4230; x_wconf 86' lang='lat' dir='ltr'>rum</span> 
     </span>
     <span class='ocr_line' id='line_1_35' title="bbox 57 4272 1368 4355; baseline 0.004 -24"><span class='ocrx_word' id='word_1_346' title='bbox 57 4273 115 4328; x_wconf 70' lang='lat' dir='ltr'>lum.</span> <span class='ocrx_word' id='word_1_347' title='bbox 158 4272 287 4334; x_wconf 90' lang='lat' dir='ltr'>Publica</span> <span class='ocrx_word' id='word_1_348' title='bbox 318 4276 494 4336; x_wconf 86' lang='lat' dir='ltr'>auctoritato</span> <span class='ocrx_word' id='word_1_349' title='bbox 521 4275 681 4335; x_wconf 87' lang='lat' dir='ltr'>verisimile</span> <span class='ocrx_word' id='word_1_350' title='bbox 708 4287 755 4336; x_wconf 90' lang='lat' dir='ltr'>est</span> <span class='ocrx_word' id='word_1_351' title='bbox 785 4279 816 4336; x_wconf 91' lang='lat' dir='ltr'>in</span> <span class='ocrx_word' id='word_1_352' title='bbox 847 4278 929 4336; x_wconf 93' lang='lat' dir='ltr'>ludis</span> <span class='ocrx_word' id='word_1_353' title='bbox 960 4277 1090 4354; x_wconf 87' lang='lat' dir='ltr'>puhlicis</span> <span class='ocrx_word' id='word_1_354' title='bbox 1122 4279 1260 4338; x_wconf 90' lang='lat' dir='ltr'>omuibus</span> <span class='ocrx_word' id='word_1_355' title='bbox 1292 4295 1368 4355; x_wconf 92' lang='lat' dir='ltr'>opus</span> 
     </span>
     <span class='ocr_line' id='line_1_36' title="bbox 57 4366 1367 4458; baseline 0.012 -36"><span class='ocrx_word' id='word_1_356' title='bbox 57 4366 134 4432; x_wconf 86' lang='lat' dir='ltr'>luisse</span> <span class='ocrx_word' id='word_1_357' title='bbox 154 4375 256 4454; x_wconf 84' lang='lat' dir='ltr'>itaque</span> <span class='ocrx_word' id='word_1_358' title='bbox 277 4377 393 4438; x_wconf 91' lang='lat' dir='ltr'>nullum</span> <span class='ocrx_word' id='word_1_359' title='bbox 415 4397 523 4439; x_wconf 88' lang='lat' dir='ltr'>munus</span> <span class='ocrx_word' id='word_1_360' title='bbox 545 4377 593 4438; x_wconf 92' lang='lat' dir='ltr'>edi</span> <span class='ocrx_word' id='word_1_361' title='bbox 615 4379 749 4458; x_wconf 91' lang='lat' dir='ltr'>potuisse</span> <span class='ocrx_word' id='word_1_362' title='bbox 771 4381 829 4440; x_wconf 91' lang='lat' dir='ltr'>nisi</span> <span class='ocrx_word' id='word_1_363' title='bbox 851 4387 884 4439; x_wconf 88' lang='lat' dir='ltr'>ut</span> <span class='ocrx_word' id='word_1_364' title='bbox 896 4379 1011 4440; x_wconf 88' lang='lat' dir='ltr'>Romae</span> <span class='ocrx_word' id='word_1_365' title='bbox 1031 4400 1069 4440; x_wconf 84' lang='lat' dir='ltr'>ex</span> <span class='ocrx_word' id='word_1_366' title='bbox 1085 4391 1206 4441; x_wconf 88' lang='lat' dir='ltr'>senatus</span> <span class='ocrx_word' id='word_1_367' title='bbox 1222 4381 1367 4454; x_wconf 87' lang='lat' dir='ltr'>consulto,</span> 
     </span>
     <span class='ocr_line' id='line_1_37' title="bbox 56 4468 1368 4560; baseline 0.012 -35"><span class='ocrx_word' id='word_1_368' title='bbox 56 4468 89 4528; x_wconf 88' lang='lat' dir='ltr'>its</span> <span class='ocrx_word' id='word_1_369' title='bbox 107 4474 133 4534; x_wconf 92' lang='lat' dir='ltr'>in</span> <span class='ocrx_word' id='word_1_370' title='bbox 153 4479 324 4558; x_wconf 91' lang='lat' dir='ltr'>municipiis</span> <span class='ocrx_word' id='word_1_371' title='bbox 345 4499 385 4540; x_wconf 81' lang='lat' dir='ltr'>ex</span> <span class='ocrx_word' id='word_1_372' title='bbox 398 4480 591 4544; x_wconf 88' lang='lat' dir='ltr'>decurionum</span> <span class='ocrx_word' id='word_1_373' title='bbox 599 4482 737 4558; x_wconf 90' lang='lat' dir='ltr'>decreto,</span> <span class='ocrx_word' id='word_1_374' title='bbox 759 4501 825 4543; x_wconf 91' lang='lat' dir='ltr'>cum</span> <span class='ocrx_word' id='word_1_375' title='bbox 841 4481 980 4544; x_wconf 90' lang='lat' dir='ltr'>ludorum</span> <span class='ocrx_word' id='word_1_376' title='bbox 995 4483 1133 4544; x_wconf 90' lang='lat' dir='ltr'>dominus</span> <span class='ocrx_word' id='word_1_377' title='bbox 1148 4483 1368 4560; x_wconf 89' lang='lat' dir='ltr'>quodammodo</span> 
     </span>
    </p>
   </div>
   <div class='ocr_carea' id='block_1_3' title="bbox 57 4701 240 4724">
    <p class='ocr_par' dir='ltr' id='par_1_5' title="bbox 57 4701 240 4724">
     <span class='ocr_line' id='line_1_38' title="bbox 57 4701 240 4724; baseline 0 0"><span class='ocrx_word' id='word_1_378' title='bbox 57 4701 240 4724; x_wconf 41' lang='grc' dir='ltr'>’ὴ--ιῌ</span> 
     </span>
    </p>
   </div>
   <div class='ocr_carea' id='block_1_4' title="bbox 119 4894 336 4966">
    <p class='ocr_par' dir='ltr' id='par_1_6' title="bbox 119 4894 336 4966">
     <span class='ocr_line' id='line_1_39' title="bbox 119 4894 336 4966; baseline -0.023 -8"><span class='ocrx_word' id='word_1_379' title='bbox 119 4894 140 4958; x_wconf 79' lang='lat'>¹)</span> <span class='ocrx_word' id='word_1_380' title='bbox 167 4903 237 4954; x_wconf 79' lang='lat' dir='ltr'>Anu.</span> <span class='ocrx_word' id='word_1_381' title='bbox 251 4904 277 4966; x_wconf 77' lang='lat' dir='ltr'>i,</span> <span class='ocrx_word' id='word_1_382' title='bbox 292 4903 336 4954; x_wconf 78' lang='lat' dir='ltr'>tt.</span> 
     </span>
    </p>
   </div>
   <div class='ocr_carea' id='block_1_5' title="bbox 58 5005 1365 5154">
    <p class='ocr_par' dir='ltr' id='par_1_7' title="bbox 58 5005 1365 5154">
     <span class='ocr_line' id='line_1_40' title="bbox 119 5005 1365 5081; baseline 0.002 -17"><span class='ocrx_word' id='word_1_383' title='bbox 119 5005 140 5070; x_wconf 86' lang='lat'>²)</span> <span class='ocrx_word' id='word_1_384' title='bbox 168 5012 196 5064; x_wconf 86' lang='lat' dir='ltr'>C.</span> <span class='ocrx_word' id='word_1_385' title='bbox 222 5013 303 5076; x_wconf 87' lang='lat' dir='ltr'>v111,</span> <span class='ocrx_word' id='word_1_386' title='bbox 327 5013 407 5066; x_wconf 80' lang='grc'><strong>6995.</strong></span> <span class='ocrx_word' id='word_1_387' title='bbox 455 5014 518 5066; x_wconf 84' lang='lat' dir='ltr'>Alia</span> <span class='ocrx_word' id='word_1_388' title='bbox 548 5015 693 5080; x_wconf 87' lang='lat' dir='ltr'>composuit</span> <span class='ocrx_word' id='word_1_389' title='bbox 721 5016 906 5067; x_wconf 78' lang='lat' dir='ltr'>Friedlsender</span> <span class='ocrx_word' id='word_1_390' title='bbox 937 5015 1006 5081; x_wconf 87' lang='lat' dir='ltr'>apud</span> <span class='ocrx_word' id='word_1_391' title='bbox 1037 5015 1234 5080; x_wconf 82' lang='lat' dir='ltr'>Marquardtum</span> <span class='ocrx_word' id='word_1_392' title='bbox 1260 5011 1365 5066; x_wconf 84' lang='lat' dir='ltr'>Hondi.</span> 
     </span>
     <span class='ocr_line' id='line_1_41' title="bbox 58 5093 147 5154; baseline 0.045 -6"><span class='ocrx_word' id='word_1_393' title='bbox 58 5093 77 5154; x_wconf 75' lang='lat'>3,</span> <span class='ocrx_word' id='word_1_394' title='bbox 93 5100 147 5152; x_wconf 75' lang='grc'>492.</span> 
     </span>
    </p>
   </div>
   <div class='ocr_carea' id='block_1_6' title="bbox 117 5207 311 5273">
    <p class='ocr_par' dir='ltr' id='par_1_8' title="bbox 117 5207 311 5273">
     <span class='ocr_line' id='line_1_42' title="bbox 117 5207 311 5273; baseline -0.026 0"><span class='ocrx_word' id='word_1_395' title='bbox 117 5207 140 5273; x_wconf 79' lang='lat'>³)</span> <span class='ocrx_word' id='word_1_396' title='bbox 166 5215 252 5268; x_wconf 74' lang='lat' dir='ltr'>vireu.</span> <span class='ocrx_word' id='word_1_397' title='bbox 268 5219 311 5268; x_wconf 80' lang='lat' dir='ltr'>ra.</span> 
     </span>
    </p>
   </div>
   <div class='ocr_carea' id='block_1_7' title="bbox 59 5319 1365 5488">
    <p class='ocr_par' dir='ltr' id='par_1_9' title="bbox 59 5319 1365 5488">
     <span class='ocr_line' id='line_1_43' title="bbox 119 5319 1365 5394; baseline 0.002 -19"><span class='ocrx_word' id='word_1_398' title='bbox 119 5319 141 5382; x_wconf 84' lang='lat'>⁴)</span> <span class='ocrx_word' id='word_1_399' title='bbox 168 5325 293 5376; x_wconf 77' lang='lat' dir='ltr'>Assiduus</span> <span class='ocrx_word' id='word_1_400' title='bbox 310 5328 462 5378; x_wconf 77' lang='lat' dir='ltr'>vocabulum</span> <span class='ocrx_word' id='word_1_401' title='bbox 483 5343 539 5378; x_wconf 89' lang='lat' dir='ltr'>cum</span> <span class='ocrx_word' id='word_1_402' title='bbox 560 5329 671 5394; x_wconf 84' lang='lat' dir='ltr'>antiquis</span> <span class='ocrx_word' id='word_1_403' title='bbox 690 5329 875 5392; x_wconf 87' lang='lat' dir='ltr'>grammaticis,</span> <span class='ocrx_word' id='word_1_404' title='bbox 900 5343 961 5378; x_wconf 87' lang='lat' dir='ltr'>sane</span> <span class='ocrx_word' id='word_1_405' title='bbox 981 5343 1128 5392; x_wconf 85' lang='lat' dir='ltr'>perpurum,</span> <span class='ocrx_word' id='word_1_406' title='bbox 1149 5327 1267 5379; x_wconf 85' lang='lat' dir='ltr'>credatur</span> <span class='ocrx_word' id='word_1_407' title='bbox 1286 5328 1365 5379; x_wconf 88' lang='lat' dir='ltr'>decli·</span> 
     </span>
     <span class='ocr_line' id='line_1_44' title="bbox 59 5417 1001 5488; baseline 0.003 -21"><span class='ocrx_word' id='word_1_408' title='bbox 59 5417 129 5462; x_wconf 58' lang='lat' dir='ltr'>imm</span> <span class='ocrx_word' id='word_1_409' title='bbox 146 5417 176 5468; x_wconf 88' lang='lat' dir='ltr'>ab</span> <span class='ocrx_word' id='word_1_410' title='bbox 195 5434 252 5470; x_wconf 87' lang='lat' dir='ltr'>esse</span> <span class='ocrx_word' id='word_1_411' title='bbox 271 5421 368 5486; x_wconf 85' lang='lat' dir='ltr'>dando,</span> <span class='ocrx_word' id='word_1_412' title='bbox 388 5421 454 5473; x_wconf 86' lang='lat' dir='ltr'>hanc</span> <span class='ocrx_word' id='word_1_413' title='bbox 473 5421 708 5488; x_wconf 85' lang='lat' dir='ltr'>interpretationem</span> <span class='ocrx_word' id='word_1_414' title='bbox 727 5419 889 5487; x_wconf 84' lang='lat' dir='ltr'>aliquatenus</span> <span class='ocrx_word' id='word_1_415' title='bbox 907 5429 1001 5472; x_wconf 87' lang='lat' dir='ltr'>tuetur.</span> 
     </span>
    </p>
   </div>
   <div class='ocr_carea' id='block_1_8' title="bbox 0 0 1692 5930">
    <p class='ocr_par' dir='ltr' id='par_1_10' title="bbox 0 0 1692 5930">
     <span class='ocr_line' id='line_1_45' title="bbox 0 0 1692 5930; baseline 0 2"><span class='ocrx_word' id='word_1_416' title='bbox 0 0 1692 5930; x_wconf 95' lang='lat' dir='ltr'> </span> 
     </span>
    </p>
   </div>
  </div>
 </body>
</html>
