3470 5932
299 551 372 626 516
885 575 1043 630 marcus

298 797 306 812 .
336 748 443 808 minus.
477 755 589 826 pugnet
610 749 693 810 mille
716 769 867 809 nummum
892 752 1005 809 minore
1029 751 1065 811 37

336 832 452 892 modus.
491 851 545 892 nee
572 852 664 910 supra
691 835 810 894 -dnm
839 836 945 894 virium
974 845 1111 910 onerent,
1138 835 1191 894 sed
1218 834 1365 893 hacteuus
1392 833 1423 892 in
1448 833 1565 894 eundem
1585 852 1623 892 sc.

422 915 541 975 modum
564 920 615 978 aad
635 923 691 976 iarn
710 920 801 995 paulo
823 921 936 980 diuerso
959 939 1043 980 suasu
1064 922 1103 980 49

338 1019 434 1077 neque
453 1021 509 1077 pro
531 1021 619 1060 neve:
644 1002 693 1062 29.
719 1004 766 1063 36.
791 1003 839 1062 39.
864 1005 901 1063 48

339 1105 397 1147 uon
416 1105 472 1162 pro
494 1104 545 1144 ne:
570 1085 620 1144 48.
644 1087 682 1144 63
844 1117 846 1124 ·

338 1189 399 1228 nou
422 1170 519 1229 solum
615 1189 717 1228 verum
739 1179 769 1228 et
793 1171 829 1228 19

339 1253 480 1312 *ollito

339 1355 416 1397 onus
439 1339 590 1396 remittere
613 1340 648 1395 de
670 1341 826 1414 sumptibus
851 1339 888 1396 18

340 1424 524 1500 opsequium.
557 1422 722 1482 invitentur
743 1423 781 1480 ad
805 1457 841 1466 -
865 1422 1061 1481 humanitatis
1087 1424 1120 1480 11

339 1508 511 1582 opservatio
534 1525 560 1564 v.
584 1507 709 1581 iniungo

339 1610 476 1668 opservo.
510 1590 547 1649 de
569 1592 701 1667 exceptis
724 1593 767 1650 ita
788 1591 979 1664 -vandum,
1003 1599 1035 1648 ut
1056 1591 1112 1662 453
1134 1593 1232 1667 pretia
1256 1599 1417 1648 —ventor
1440 1591 1478 1649 49

341 1677 424 1754 plere
446 1693 603 1734 numerum
627 1677 666 1734 38

340 1769 519 1836 praetexere
541 1779 566 1816 o.
591 1759 708 1818 laniena

338 1859 420 1919 pron.
445 1844 541 1902 relat:
564 1851 597 1899 ut
619 1844 751 1919 appellet
766 1843 818 1919 qui
833 1861 892 1901 non
908 1850 978 1902 suut
993 1845 1084 1901 creati
1101 1843 1285 1912 sacerdotes,
1309 1844 1368 1903 imo
1387 1845 1516 1921 populns
1539 1842 1583 1916 20,
1604 1865 1627 1902 r.

421 1948 451 2003 p.
470 1927 529 1986 405
552 1947 579 1984 n.
598 1928 628 1998 l;
652 1947 736 2003 pron.
759 1929 813 1986 det.
836 1945 862 1984 v.
885 1937 972 2003 parret.
996 1945 1065 1984 usus

341 2011 419 2089 plus.
528 2011 586 2068 nisi
609 2012 694 2086 plure
716 2031 804 2088 quam
829 2030 884 2070 sex
906 2012 1004 2070 aureis
1028 2012 1081 2082 58;
1105 2011 1215 2068 vendat
1237 2013 1323 2088 plure
1346 2014 1384 2072 61

342 2097 533 2174 praecipuum
562 2096 708 2155 mercedis
741 2095 888 2172 gladiator
918 2096 974 2153 sibi
1001 2097 1129 2171 quisque
1157 2096 1328 2172 paciscatur
1354 2099 1410 2168 45,
1444 2117 1470 2156 v.
1491 2097 1628 2172 Berluupu

424 2200 454 2256 p.
472 2180 510 2238 92
534 2198 557 2236 s.

342 2266 480 2341 pretium.
513 2263 576 2320 *ex
598 2263 678 2320 —io
702 2263 750 2336 60,
774 2285 799 2322 o.
817 2264 966 2341 Berlonpa
988 2283 1056 2340 app.
1076 2283 1109 2340 p.
1126 2263 1186 2320 340

343 2350 485 2426 profiteor
507 2355 580 2422 aput
602 2347 753 2406 tribunum
777 2349 874 2424 plebei
896 2358 1003 2423 sponte
1026 2349 1064 2406 ad
1086 2348 1288 2406 dimicandum
1313 2349 1351 2408 62

343 2433 544 2508 promisqnus.
583 2464 620 2474 -
634 2449 693 2507 qna
714 2432 871 2491 multitudo
895 2433 933 2491 35

344 2516 446 2592 [p]ura
467 2516 594 2590 pecunia
616 2516 786 2592 principum
811 2517 826 2572 7

344 2601 496 2677 quantitas
520 2599 642 2658 definita
665 2601 703 2659 35

345 2695 423 2743 recta
449 2687 540 2742 oratio
560 2683 644 2760 soleo
671 2684 814 2742 adhibita:
849 2685 1002 2759 sciantque
1030 2683 1113 2758 r(iri)
1140 2683 1331 2759 c(larissimi)
1440 2686 1464 2744 it
1491 2685 1622 2762 negotium
1722 2751 1723 2762 ἶ

429 2767 554 2843 exsequi
578 2786 611 2826 se
633 2769 791 2843 oportebit,
814 2767 836 2826 ii
857 2769 957 2840 etiam,
978 2768 1029 2843 qni
1052 2777 1102 2826 eet.
1127 2767 1166 2825 54

344 2853 467 2912 refoveo
490 2873 515 2910 o.
539 2870 631 2910 eneco
990 2883 994 2893 ·

347 2937 463 3013 reliqua
484 2937 659 2994 lanistarum
682 2935 699 2994 9

349 3039 394 3078 res
416 3020 544 3096 publica.
580 3022 606 3080 si
628 3019 737 3094 quibus
759 3019 930 3078 civitatibus
953 3051 993 3061 -
1014 3019 1130 3078 tenuior
1152 3029 1208 3090 est,
1232 3029 1416 3096 opponantur
1439 3021 1494 3080 lrue
1516 3019 1626 3078 fortiori·
1722 3019 1723 3046 ³

430 3107 486 3163 bns
508 3104 678 3162 civitatibus
701 3103 739 3162 48
1239 3145 1240 3148 =
1722 3085 1723 3176 6

347 3197 558 3247 retroversum.
592 3189 723 3246 rationes
745 3187 846 3245 decem
869 3221 909 3230 -
932 3205 1077 3245 annorum
1100 3187 1137 3244 51

349 3273 446 3330 ruina·
478 3273 709 3350 praecipitantes
732 3271 791 3328 iam
814 3273 845 3330 iu
869 3303 906 3314 —
920 3290 975 3330 nas
998 3273 1133 3329 fortunas
1157 3270 1195 3328 et

349 3367 440 3416 secta.
477 3375 626 3433 peraeque
652 3373 841 3432 nequaquam
869 3387 907 3399 -
921 3365 969 3415 tae
996 3373 1068 3414 suae
1094 3372 1258 3432 congruere
1280 3355 1418 3413 arbitrati
1442 3364 1513 3414 suut
1532 3357 1628 3432 princi·

428 3459 481 3516 pea
504 3459 624 3499 servare
648 3437 760 3498 ...¹25
810 3435 812 3448 ⁴

349 3525 469 3582 sibimet
492 3525 540 3597 59,
563 3545 588 3583 o.
612 3533 735 3582 auctoru
1722 3551 1723 3568 2

350 3609 478 3688 signum.
513 3611 568 3668 snb
590 3627 681 3666 -no
708 3617 818 3685 pugnet
845 3607 899 3680 36,
926 3627 952 3666 o.
971 3627 1003 3684 p.
1022 3608 1097 3679 414,
1126 3627 1219 3683 supra
1244 3615 1341 3682 certo,
1369 3607 1521 3684 Berluupu
1541 3629 1571 3685 p.
1586 3607 1627 3665 63.

350 3777 518 3854 specialiter
540 3777 659 3853 singula
680 3793 844 3853 persequar
867 3773 904 3833 28

350 3861 526 3920 succinctus.
560 3880 620 3920 uua
642 3867 672 3920 et
694 3869 777 3917 -ta
798 3861 945 3917 sententia
967 3863 1105 3919 senatoris
1129 3858 1167 3918 26

350 3965 436 4021 supa.
470 3941 530 4002 Hs
552 3945 739 4022 quingenties
762 3945 842 4002 -9

351 4049 464 4089 susum.
498 4029 644 4106 quidquid
666 4047 757 4104 supra
781 4061 818 4071 -
842 4045 960 4086 versum
984 4028 1040 4085 erit
1063 4030 1100 4087 33

351 4115 465 4172 t=d:
489 4121 563 4190 aput
584 4111 632 4170 48.
658 4112 711 4184 623
734 4111 803 4170 illut
827 4110 858 4184 83
881 4113 906 4170 it
928 4111 982 4183 543
1006 4113 1092 4170 setb
1123 4123 1124 4128 ’

352 4205 437 4257 tanta
458 4207 518 4255 tam
541 4197 715 4256 salutarium
737 4215 835 4255 rernm
858 4196 983 4254 consilia
1006 4203 1107 4256 vestra
1129 4194 1165 4252 21

352 4283 499 4359 tantisper
522 4281 560 4341 38

352 4367 449 4424 tenuis
472 4386 498 4423 a.
520 4383 569 4424 res
592 4364 710 4442 publiea

353 4451 493 4509 tramitto.
528 4449 709 4526 gladiatores
732 4447 761 4506 in
785 4448 977 4508 succedentes
1001 4447 1220 4524 tra[mi]t[t]unt
1243 4449 1282 4507 60

353 4546 414 4593 tum
437 4554 461 4591 o.
487 4535 676 4610 disiunpcucla
698 4534 820 4592 membru

353 4627 449 4676 vetos·
485 4621 578 4676 —eri
601 4637 683 4676 more
709 4617 747 4676 56

355 4721 459 4780 usque.
494 4721 585 4780 supra
607 4701 703 4761 XXX
725 4700 763 4759 ed
784 4699 844 4760 LX
867 4719 962 4778 usque
986 4701 1034 4774 30,
1058 4704 1094 4778 es.
1119 4702 1172 4772 313
1195 4701 1233 4759 ad
1256 4719 1353 4777 nsque
1374 4701 1432 4761 XV
1455 4701 1493 4762 34
