3548 5922
599 585 641 633 m
660 585 830 644 nnmovas
847 583 1005 663 monnau.
1426 555 1474 640 '23

127 771 168 836 to
182 773 283 855 [Corp.
301 779 344 835 Ill
366 795 397 836 ιι.
419 785 515 850 6086,
533 775 564 855 x]
605 779 702 838 Asculi
730 782 759 836 in
787 780 871 836 alveo
893 779 1047 835 Castellani
1068 793 1133 848 rep.
1155 783 1191 836 to
1215 778 1295 848 Sept.
1319 781 1399 835 tert
1428 791 1475 833 me

167 889 199 938 et
221 882 293 939 lulio
316 882 478 940 Gabriellio
500 882 683 940 adstantibus
714 875 803 958 [nunc
825 881 974 954 municipii
997 879 1135 938 Asculani
1155 879 1299 938 beneficio
1321 884 1351 936 in
1373 893 1475 935 museo

166 984 350 1043 berolinensi
373 1002 406 1042 n.
426 980 536 1062 idm.
583 985 691 1042 Pendet
716 990 753 1042 39
777 999 822 1055 gr.

994 2025 1009 2082 b
1057 2040 1112 2084 san
1133 2019 1190 2101 (vol
1202 2039 1257 2083 raa
1270 2027 1316 2082 vel
1328 2019 1392 2102 sar)

997 2381 1113 2424 affl

130 2968 240 3024 Tabv
258 2972 288 3025 t.
336 2965 485 3037 Descripsi
513 2970 542 3020 et
570 2979 657 3036 supra
688 2963 843 3020 delineari.
891 2963 1064 3022 Gabriellius
1094 2972 1123 3022 et
1153 2982 1206 3037 ego
1233 2966 1377 3024 edidimus
1399 2967 1476 3022 dull.

130 3071 286 3127 dell'last.
311 3073 390 3126 tort
415 3071 539 3138 ptis.
611 3093 613 3098 ¹

219 3205 333 3263 Glande
355 3221 451 3274 nuper
466 3204 562 3260 denuo
582 3203 668 3260 etiam
683 3209 770 3272 atque
792 3205 879 3260 etiam
895 3207 1055 3262 examinata
1077 3205 1232 3263 lectionem
1253 3209 1369 3279 repperi
1393 3223 1481 3278 supra

132 3315 400 3380 repraesentatam
427 3309 458 3363 in
480 3306 495 3363 b
516 3309 611 3378 prima
634 3313 663 3362 et
683 3307 768 3363 tertia
790 3306 896 3376 littera,
923 3324 998 3379 quae
1014 3308 1106 3366 iorma
1122 3311 1237 3366 cursiva
1251 3316 1319 3366 sunt
1334 3315 1478 3376 exaratae,

130 3411 287 3482 ambiguae
310 3415 379 3466 sunt
399 3410 540 3466 lectionis.
588 3408 669 3465 Siout
690 3411 720 3464 in
742 3409 887 3465 Pemsinis
909 3411 1086 3482 quibusdam
1107 3411 1262 3484 glandibus
1287 3405 1374 3484 (inter
1388 3411 1483 3468 Ascu-

132 3513 213 3569 lanas
235 3515 311 3571 baec
333 3513 394 3570 sola
418 3519 461 3569 est
482 3515 513 3568 in
528 3517 664 3584 anattuor
684 3511 823 3568 lateribus
846 3507 1008 3591 inscripta),
1034 3518 1073 3571 ita
1092 3517 1123 3570 in
1138 3515 1194 3572 hao
1209 3515 1331 3573 sortasse
1347 3519 1483 3586 quattuor

131 3631 237 3672 versus
270 3603 494 3694 βουστροφηδὸν
522 3614 639 3686 legendi
671 3619 740 3670 sunt
771 3614 874 3672 ordine
906 3632 995 3689 supra
1028 3617 1170 3686 indicato,
1206 3622 1241 3673 ut
1272 3623 1369 3673 tamen
1401 3618 1431 3672 in
1465 3618 1484 3672 d

131 3725 285 3774 exaratum
300 3721 338 3774 sit
352 3729 408 3773 ess
421 3734 475 3790 pro
495 3731 559 3772 rsa.
592 3717 652 3775 lloo
675 3723 793 3775 secutus
815 3721 953 3790 temptavi
976 3721 1242 3792 interpretationem
1264 3719 1355 3776 bano:
1381 3719 1399 3794 f
1441 3747 1484 3758 -

130 3811 282 3897 suffulcio)
302 3848 346 3858 -
368 3811 527 3894 Pomspeio)
546 3847 590 3858 -
616 3811 701 3894 Μαι,
733 3821 904 3890 imperativo
932 3820 978 3893 ser
1007 3823 1038 3876 in
1068 3822 1198 3878 versud
1226 3838 1293 3878 oum
1315 3825 1345 3878 vi
1366 3823 1480 3877 iterato.

131 3923 264 3979 Salutem
290 3923 369 3995 serre
396 3920 521 3978 habetur
547 3937 593 3976 ea.
619 3937 664 3992 gr.
696 3921 775 3993 apud
797 3921 933 3978 Ovidium
961 3924 1046 3993 epist.
1076 3928 1124 3992 ts,
1147 3928 1178 3979 l:
1212 3925 1301 3982 Mittit
1322 3924 1480 3995 Abydenus,

133 4043 221 4099 quom
244 4023 328 4081 vellet
349 4025 437 4098 serre,
463 4024 595 4091 salutem,
621 4025 659 4080 ol.
682 4024 847 4082 Gronovius
870 4025 955 4081 diatr.
985 4027 1016 4081 in
1046 4025 1167 4083 Statium
1194 4043 1258 4100 cap.
1288 4030 1338 4083 l5.
1386 4023 1485 4084 Potest

131 4133 234 4184 autem
256 4127 329 4192 fieri,
356 4131 389 4182 ut
411 4125 533 4181 adversa
557 4141 623 4182 oum
646 4141 748 4182 aversa
770 4133 852 4198 parte
874 4125 919 4183 bis
942 4128 1143 4199 coniungenda
1165 4129 1203 4184 sit
1224 4130 1254 4184 in
1271 4129 1350 4185 hunc
1365 4128 1484 4186 modum

133 4249 167 4286 o:
202 4243 257 4288 nae
280 4223 293 4303 Ji
315 4245 347 4284 o:
380 4241 468 4285 oow
490 4233 519 4284 et
541 4229 577 4284 d:
610 4241 661 4285 ma
682 4221 696 4304 χ
718 4227 750 4284 b:
784 4241 838 4286 sna
865 4221 1015 4306 (=raai)
1043 4232 1064 4287 i.
1083 4247 1110 4287 e.
1142 4230 1264 4288 fortasse
1289 4222 1373 4308 [πῄ]
1400 4231 1485 4288 Pom-

131 4325 274 4410 speiumk
298 4322 384 4408 serfi)
405 4331 477 4387 Lm.
492 4372 543 4387 ...
573 4323 622 4406 (an
642 4330 804 4402 Sulpicium
812 4325 852 4405 i).

224 4469 401 4526 Garrucoius
425 4463 529 4523 Civiltd
544 4467 643 4523 eattol.
663 4467 725 4525 xo
747 4461 850 4545 (tote)
871 4485 901 4540 p.
923 4471 983 4528 729
1006 4469 1119 4539 glandis
1136 4470 1223 4526 buius
1239 4475 1268 4526 et
1283 4487 1313 4526 n.
1336 4475 1384 4539 ts,
1412 4487 1485 4543 quas

136 4587 193 4628 nou
216 4570 305 4639 vidit,
339 4569 427 4625 fidem
450 4571 480 4624 in
501 4569 698 4642 suspicionem
719 4585 826 4628 vocare
849 4571 953 4628 tectius
976 4579 1097 4628 conatus
1120 4579 1180 4642 est;
1214 4574 1243 4630 id
1266 4575 1347 4645 quod
1368 4576 1485 4632 levitate

135 4689 259 4745 prorsus
288 4675 443 4730 temeraria
471 4687 525 4727 neo
555 4671 614 4730 ullo
644 4678 813 4743 argumento
843 4672 942 4732 addito
973 4674 1040 4731 lecit
1065 4691 1124 4734 non
1146 4676 1267 4734 idoneus
1288 4677 1337 4734 ille
1367 4677 1486 4749 quidem

135 4775 171 4831 de
194 4776 243 4832 bis
263 4775 354 4833 rebus
377 4774 476 4843 iudex,
501 4775 611 4845 quippe
634 4777 685 4847 qui
707 4781 749 4833 tot
770 4776 890 4846 glandes
912 4777 1009 4847 falsas,
1034 4778 1102 4836 licet
1124 4782 1187 4852 ipse
1208 4780 1324 4850 viderit,
1349 4787 1381 4837 ut
1396 4773 1487 4836 'veras

135 4878 274 4934 ediderit.
320 4877 455 4934 Ceterum
477 4877 558 4949 glans
580 4879 611 4933 in
633 4893 735 4936 museo
758 4878 874 4948 publioo
896 4885 1008 4952 prostat
1030 4888 1059 4938 et
1080 4883 1109 4938 in
1133 4882 1230 4940 tabula
1250 4883 1273 4940 V
1296 4889 1357 4939 arte
1379 4883 1487 4955 photo-

136 4981 245 5052 praphi
267 4981 362 5037 efficta
378 4985 432 5048 est,
457 4984 491 5036 ut
504 4995 581 5037 unus
596 4982 722 5052 quisque
744 4981 855 5053 peritus
873 4998 961 5054 quam
983 4983 1067 5054 longe
1083 4983 1158 5042 absit
1175 4985 1211 5042 ab
1228 4988 1306 5042 omni
1322 4986 1486 5058 suspicione

136 5083 307 5140 discernere
328 5084 432 5152 possit.
479 5083 540 5140 lloo
563 5083 655 5154 addo,
686 5080 740 5140 sub
763 5087 837 5140 meis
859 5085 952 5155 ipsius
974 5088 1080 5142 aeriter
1102 5089 1204 5144 intenti
1225 5087 1318 5145 oeulis
1340 5097 1486 5161 repertam

138 5201 204 5241 esse
227 5183 266 5241 ab
288 5185 405 5242 bomine
428 5187 490 5242 iere
512 5185 608 5254 nudo,
642 5187 725 5242 ouius
749 5186 821 5244 fides
843 5190 962 5244 minime
985 5194 1122 5260 suspecta
1145 5195 1221 5246 esset
1243 5191 1353 5261 quique
1375 5191 1486 5248 nullum

138 5303 237 5359 neque
263 5286 318 5344 sibi
343 5303 441 5359 neque
463 5288 511 5344 alii
541 5288 677 5359 cuiquam
703 5305 720 5344 a
746 5289 796 5344 tali
822 5289 924 5346 fraude
947 5297 1103 5363 expectare
1126 5298 1223 5363 posset
1246 5293 1482 5350 emolumentum.
