3466 5926
675 585 875 638 onerario.
950 581 957 593 '
1356 596 1452 646 mx

95 759 258 839 Regium
281 757 325 822 ad
348 757 467 821 fretum
489 758 644 820 Siculum.
683 759 828 822 lluseum
850 758 1055 839 municipale.
1102 758 1181 822 Vide
1204 778 1238 822 n.
1257 761 1308 840 54,
1328 781 1384 823 4-4.

98 861 271 924 Siciliae
295 879 410 924 musea
431 863 645 924 Mommsenus
667 859 755 924 adiit.
789 861 955 924 Praeterea
976 860 1154 924 Antoninus
1175 861 1300 924 Salinas
1321 883 1340 924 a
1362 863 1455 926 nobis

136 974 269 1045 rogatus
294 984 360 1028 non
382 965 488 1028 solum
510 974 622 1046 ectypa
644 965 744 1043 misit,
770 961 828 1026 sed
850 965 946 1027 etiam
969 964 1145 1046 catalogum
1169 963 1345 1046 glandium,
1372 984 1453 1047 quas

137 1069 207 1148 ipse
230 1069 267 1128 in
283 1067 396 1130 Sicilia
416 1066 553 1139 uiderat,
579 1077 644 1130 tam
658 1065 841 1129 Latinarum
864 1085 960 1148 quam
975 1069 1168 1130 Graecarum
1190 1067 1224 1129 in
1246 1063 1363 1131 4444444
1383 1068 1454 1131 dell'

137 1172 213 1232 lust.
248 1170 335 1232 4878
370 1190 404 1252 p.
430 1170 471 1230 30
495 1187 568 1251 sqq.
604 1180 637 1232 et
666 1169 779 1233 tob.F
812 1168 926 1233 edidit.
984 1171 1254 1252 Syracusanorum
1288 1169 1452 1252 glandium

138 1272 282 1336 duarum
311 1271 396 1353 (vide
418 1293 452 1355 p.
479 1272 509 1354 l)
544 1274 698 1353 imagines
720 1289 738 1334 4
761 1273 923 1336 Salvatore
951 1274 1042 1336 Politi
1070 1273 1246 1336 delineatas
1275 1272 1317 1336 de
1343 1273 1454 1354 Torgia
1554 1313 1555 1318 κ

137 1394 211 1438 cum
233 1378 431 1438 llommseno
454 1375 710 1442 communicavit.

138 1477 167 1561 4)
195 1479 384 1542 Panormus.
431 1479 576 1542 lloseum
605 1480 741 1560 regium.
794 1477 841 1542 Gi.
870 1477 908 1541 4.
935 1479 1075 1558 Salinas,
1108 1479 1165 1542 Del
1193 1479 1263 1542 root
1290 1495 1393 1542 444444
1421 1479 1455 1542 dt'

197 1581 355 1644 ratum.
394 1581 459 1643 Pal.
493 1580 573 1642 4873
608 1579 658 1664 (de
687 1601 797 1645 museo
825 1581 941 1644 Astuto
970 1601 1003 1662 p.
1029 1582 1087 1661 43,
1124 1581 1316 1644 Salnitriano
1339 1601 1371 1662 p.
1391 1583 1450 1664 44,

195 1683 385 1765 Hieronymi
415 1683 551 1747 Valenra
581 1704 616 1765 p.
645 1682 684 1746 47
718 1684 856 1764 44444144,
898 1683 1030 1764 glandes
1059 1685 1247 1748 memoravit
1271 1705 1304 1765 p.
1332 1683 1384 1766 47)
1421 1693 1454 1747 44

196 1787 376 1849 llommsen
399 1787 493 1867 Gorp.
517 1787 546 1851 X
568 1807 600 1867 p.
620 1785 694 1850 752.
718 1821 760 1832 -
782 1785 862 1851 Vide
886 1806 921 1850 n.
941 1789 969 1868 4,
989 1806 1065 1864 4-44;
1090 1787 1144 1868 444,
1163 1810 1187 1852 4.
1206 1809 1229 1850 4.

140 1887 168 1970 4)
200 1889 326 1954 ibidem
351 1889 437 1970 apud
459 1891 646 1954 Romanum.
691 1889 772 1952 Vide
794 1909 828 1953 n.
848 1891 877 1970 4,
895 1912 921 1954 4.

139 1993 164 2072 4)
198 1992 391 2073 Syracusae.
438 1993 591 2056 liusoum.
638 1992 717 2056 Vide
740 2013 773 2074 p.
792 1995 823 2056 4.

139 2094 169 2174 d)
198 2093 314 2176 Gesolit
334 2093 423 2176 apud
444 2094 642 2160 beronissam
664 2094 884 2160 llandralisca.
929 2095 1009 2160 Vide
1032 2095 1392 2176 n.i,11-1set2,1-e.

244 2197 396 2276 Glandes,
421 2215 502 2278 quas
523 2198 597 2260 olim
620 2198 836 2279 possederunt
847 2196 963 2277 444444,
989 2197 1114 2279 Astuto,
1139 2199 1278 2278 Petroso,
1303 2198 1449 2278 Valente,

199 2299 278 2363 vide
301 2299 343 2363 ad
364 2319 398 2362 n.
418 2301 448 2381 4,
468 2321 524 2364 4-4.
542 2320 581 2364 44.
598 2301 711 2380 -44,
729 2321 754 2364 s.
772 2335 814 2348 -
832 2302 861 2381 4,
880 2321 918 2365 44.
938 2335 980 2346 -
997 2302 1026 2381 4,
1046 2321 1075 2379 4;
1103 2301 1143 2362 44.
1170 2300 1386 2364 Selinusia.

101 2418 313 2481 Sardinia.
361 2420 510 2503 Gopliori,
536 2423 641 2483 Museo
663 2419 853 2484 d'oatt'cltitd.
899 2419 979 2482 Vide
1001 2439 1035 2483 n.
1056 2423 1084 2502 4,
1103 2441 1142 2484 ai.

100 2521 424 2585 Vindobonensc
453 2541 599 2586 museum
623 2524 811 2586 Caesareum
838 2522 962 2605 (444444-
982 2543 1016 2587 u.
1041 2521 1299 2607 Autileocubioetl
1325 2532 1453 2606 praeter

142 2635 298 2705 quattuor
320 2623 455 2688 Graecas
484 2636 517 2689 et
538 2645 634 2690 unam
665 2645 729 2688 non
760 2625 945 2708 inscriptam
972 2625 1014 2708 (v.
1038 2646 1072 2708 p.
1098 2627 1177 2708 Xlll)
1212 2626 1356 2708 possidet
1385 2634 1451 2688 tros

143 2727 281 2808 glandes
302 2726 446 2790 Latinas:
473 2747 506 2790 n.
525 2731 555 2807 9,
574 2748 602 2792 44
626 2728 692 2810 (diu
715 2730 777 2791 iam
800 2729 1098 2809 illuminantem),
1135 2729 1208 2792 i09.
1228 2730 1289 2790 440
1313 2749 1344 2791 4.
1368 2726 1451 2789 4878

141 2829 255 2910 Apsori
280 2831 441 2892 ininsula
472 2829 583 2893 044444
606 2841 758 2913 repertas.
819 2829 989 2894 Eduardus
1012 2831 1090 2894 baro
1113 2830 1152 2894 da
1183 2831 1323 2911 Sacksn,
1350 2832 1452 2894 musei

142 2932 342 3014 praelectus,
375 2952 433 2995 4444
454 2935 629 3014 primarum
658 2933 900 3015 exemplasse
930 2933 1057 3016 egregio
1088 2933 1244 2996 delineata
1267 2935 1343 2996 mibi
1366 2933 1453 2996 misit

143 3055 171 3098 a.
192 3034 296 3114 4878;
332 3033 374 3098 de
401 3035 601 3117 Apsoritanis
630 3035 717 3098 idem
733 3046 764 3100 et
798 3035 865 3118 (qui
887 3036 1017 3116 detexit)
1053 3037 1126 3100 Otto
1148 3035 1313 3099 Benndori
1340 3035 1452 3098 eodem

148 3157 231 3201 anno
254 3138 462 3200 rettulerunt.

103 3243 310 3324 Tergeste.
357 3241 392 3302 ln
415 3259 525 3303 museo
548 3241 648 3303 civico
677 3249 827 3323 quattuor
849 3241 987 3306 Graecae
1015 3240 1174 3324 genuinae
1197 3249 1230 3304 et
1252 3240 1335 3304 duae
1358 3259 1452 3304 cusae

148 3343 228 3426 (SV,
248 3367 272 3406 4.
291 3343 315 3421 4)
342 3351 479 3406 exstant.
526 3342 716 3426 Apograpba
738 3345 844 3406 Ottoni
867 3345 1038 3424 Benndori,
1068 3355 1180 3426 ectypa
1203 3363 1321 3427 gypsea
1342 3344 1452 3407 Carolo

145 3449 233 3510 liuns
255 3448 361 3508 musei
385 3445 535 3509 directuri
558 3455 687 3527 accepta
710 3445 826 3508 refero.

104 3549 136 3610 ln
159 3549 392 3631 ilungariaa
428 3551 548 3612 muscis
570 3551 690 3611 nullam
719 3547 868 3630 glandem
902 3559 1025 3612 exstare
1055 3567 1162 3631 neque
1194 3550 1227 3610 iu
1261 3549 1331 3612 eius
1362 3551 1450 3630 regni

142 3653 312 3715 territoriis
340 3652 439 3713 ullam
473 3661 634 3732 repertam
663 3671 735 3714 4444
764 3653 951 3716 Franciscus
974 3653 1108 3735 Pulszlry
1136 3651 1346 3734 interroganti
1373 3653 1451 3713 mihi

146 3756 184 3816 l8
206 3757 298 3818 44444.
325 3753 408 3816 4878
431 3756 606 3837 rescripsit

105 3859 228 3921 Boset.
278 3855 437 3938 Glandes,
464 3874 544 3937 quas
566 3857 743 3920 Guilelmus
764 3858 895 3919 Visober
925 3857 1111 3938 collegerat,
1138 3875 1225 3919 nunc
1247 3866 1452 3920 asservantur

145 3961 177 4020 in
200 3978 309 4022 museo
337 3959 476 4041 publico.
521 3959 672 4022 Omnium
701 3969 814 4042 ectypa
843 3960 1017 4041 sulphurea
1039 3958 1170 4022 Achillis
1199 3958 1398 4021 Burckbardt
1420 3970 1453 4022 et

146 4063 273 4125 ilenrici
298 4063 412 4125 Gelzer
440 4064 558 4144 insigni
588 4063 824 4126 benivolentiae
855 4061 967 4125 debeo.
1022 4063 1150 4124 4444444
1181 4062 1266 4124 inter
1294 4080 1348 4124 eas
1377 4071 1453 4123 sunt

145 4175 223 4246 octo,
249 4184 388 4248 quarum
410 4184 472 4228 una
495 4165 635 4248 genuina
657 4163 700 4247 (n.
720 4164 807 4246 444),
834 4174 903 4227 4444
931 4163 1085 4247 (67*,1-a)
1112 4167 1333 4246 inscriptiones
1361 4183 1453 4227 cusas

145 4269 307 4333 exhibent.
363 4271 425 4334 Eas
454 4279 587 4350 excepta
616 4267 713 4349 67*,1
748 4269 929 4331 examinavi
960 4286 1042 4330 anno
1073 4269 1167 4332 4888.
1222 4271 1389 4330 Praeterea
1419 4270 1452 4330 in

145 4373 359 4434 Visoberianis
384 4371 451 4435 vidi
482 4381 594 4454 ectypa
623 4390 742 4453 gypsea
771 4369 893 4452 glandis
917 4372 1000 4451 63,r
1034 4381 1067 4434 44
1089 4370 1251 4452 glandium
1276 4370 1454 4434 Kircheria-

145 4494 258 4538 narum
282 4476 424 4557 triginta.

107 4577 303 4642 4444441444.
364 4579 506 4642 lluseum
550 4577 764 4656 antiquarium
807 4577 947 4638 continet
985 4575 1013 4656 4)
1044 4573 1276 4638 liodwellianas
1314 4585 1447 4656 septem.

143 4681 262 4744 Earum
289 4681 407 4743 Graeca
429 4689 479 4743 est
501 4699 564 4743 una
588 4681 667 4760 688,
701 4689 825 4742 ceterae
854 4681 1000 4743 Latinae:
1031 4698 1064 4741 n.
1084 4680 1111 4755 4,
1129 4697 1157 4740 44
1184 4677 1334 4758 (Sicula),
1368 4677 1453 4759 444,4

151 4784 227 4866 (agri
249 4783 387 4864 Regini),
415 4784 468 4844 64.
494 4782 546 4864 77,
566 4804 589 4846 4.
615 4784 667 4863 84,
682 4803 707 4847 a.
733 4782 785 4860 87,
805 4805 817 4844 4
846 4781 1045 4862 (Perusinae,
1072 4799 1167 4861 444444
1191 4779 1347 4862 originem
1369 4781 1454 4844 Dod-

145 4887 261 4950 wellus
283 4887 447 4968 inscripsit
468 4886 639 4968 glandibus
661 4905 695 4948 n.
714 4884 765 4964 77,
786 4907 797 4948 4
820 4894 853 4948 44
875 4885 926 4967 87,
947 4885 989 4969 4);
1031 4883 1061 4968 2)
1088 4883 1237 4966 glandem
1262 4881 1454 4947 Asculanam

146 5010 180 5052 n.
198 4992 228 5071 6,
244 5013 271 5054 44
294 5009 378 5052 anno
400 4990 520 5052 incerto
542 4989 746 5070 acquisitam,
774 4988 803 5069 3)
826 4989 961 5052 Graecas
983 4997 1050 5051 octo
1073 4987 1189 5069 partim
1213 5007 1232 5049 a
1254 5006 1328 5068 rege
1350 4986 1454 5050 Ludo-

147 5096 215 5156 vioo
236 5094 249 5154 1
272 5094 391 5174 partim
421 5111 524 5174 nuper
553 5093 736 5173 acquisitas.
772 5127 816 5136 -
842 5092 913 5173 lpse
935 5091 1094 5173 descripsi
1116 5111 1146 5152 a.
1173 5088 1255 5152 4877
1279 5088 1450 5168 Monachii3

148 5217 177 5258 a.
197 5197 277 5257 48844
303 5197 480 5260 Guilelmus
504 5195 617 5276 Christ,
644 5195 698 5275 qui
722 5194 751 5257 ei
774 5212 885 5256 museo
907 5193 1087 5274 praefectus
1110 5201 1169 5272 444,
1196 5189 1450 5270 Heidelbergam‚

148 5309 184 5362 ut
204 5310 317 5381 ectypa
341 5299 468 5378 fierent,
501 5299 640 5379 benigne
663 5298 849 5362 transmisit.
874 5331 918 5342 -
939 5294 1175 5358 Dodwellianae
1198 5293 1392 5356 exhibentur
1420 5293 1455 5353 in
