3402 5924
269 573 317 646 66
749 583 909 634 acaunus
928 584 1130 636 runvsmas.

354 781 495 837 Punctum
510 795 577 836 cum
598 779 714 847 lineola,
740 779 820 848 quod
837 797 866 837 v.
883 786 899 837 3
924 781 954 836 in
977 795 998 835 v
1021 785 1118 853 priore
1134 789 1236 852 exstat,
1263 786 1359 854 potius
1375 791 1488 841 temere
1503 793 1625 848 natum.

268 901 356 957 quam
379 886 491 957 apicem
519 899 583 940 esse
613 889 696 954 puto.
721 912 764 922 —
785 883 984 954 inscriptionis
1014 887 1043 941 in
1071 891 1196 956 utroque
1225 887 1384 958 exemplari
1412 891 1524 958 optime
1549 905 1629 946 con-

268 994 398 1045 servatae
421 988 506 1044 lectio
529 989 646 1043 omnino
669 991 748 1042 certa
771 991 829 1054 est;
863 987 1091 1059 intellegendum
1114 995 1158 1044 est
1181 979 1360 1065 t(e9io)X1;
1392 992 1490 1046 dioom
1512 993 1626 1047 lutiam

268 1092 445 1148 ulciscamur
458 1090 505 1146 vel
528 1089 622 1144 simile
645 1089 716 1159 quid
736 1085 783 1163 [ci.
803 1084 945 1162 Bergkius
961 1091 1009 1147 ed.
1023 1091 1048 1146 ll
1063 1108 1093 1162 p.
1112 1093 1183 1147 444.
1207 1087 1290 1165 till.
1338 1091 1495 1150 Suetonius
1510 1093 1626 1151 Ociav.

273 1199 327 1253 iit:
361 1193 477 1250 Perusia
493 1201 576 1266 copta
598 1193 628 1246 in
647 1191 789 1265 plurimos
811 1195 1025 1250 animadvertit.
1047 1235 1070 1249 ..
1111 1193 1242 1251 Scribant
1266 1195 1392 1268 qnidam,
1420 1203 1568 1252 trecentos
1591 1215 1630 1252 ear

268 1299 410 1356 dediticiis
433 1297 533 1352 electos
554 1297 701 1368 utriusque
724 1296 834 1352 ordinis
856 1297 895 1352 od
917 1313 1000 1353 oram
1014 1298 1086 1354 Dico
1102 1297 1177 1353 Iulio
1200 1304 1374 1353 ecstnactam
1395 1298 1489 1354 idibus
1503 1300 1630 1355 Martiis

267 1405 426 1460 hostiorum
449 1415 527 1456 more
548 1405 690 1454 mactatos
717 1391 765 1472 (cl.
784 1399 836 1455 llio
862 1401 911 1467 48,
935 1393 994 1474 44);
1021 1399 1133 1456 scilicet
1153 1415 1210 1458 non
1234 1399 1341 1456 ltomae
1368 1393 1410 1475 (ut
1431 1401 1629 1457 Drumannus

271 1513 299 1577 l,
321 1508 379 1562 tte
404 1503 520 1559 videtur
541 1493 653 1576 putare)
688 1501 741 1557 sed
763 1517 855 1574 prope
878 1501 1040 1572 Perusiam3
1072 1501 1151 1559 unde
1173 1519 1190 1558 a
1213 1502 1324 1560 Seneca
1346 1519 1467 1575 quoque
1489 1506 1535 1560 De
1562 1506 1629 1562 cle-

267 1610 373 1664 mentia
402 1589 482 1674 t,tt
513 1621 583 1660 arae
605 1605 756 1660 Perusinae
777 1611 985 1660 memorantur.

268 1805 311 1873 *18
323 1809 374 1890 [τε
386 1813 474 1882 Corp.
489 1814 500 1866 l
516 1827 546 1866 4.
563 1806 634 1884 698]
661 1811 795 1866 Perusiae
818 1819 933 1882 reperta
957 1824 1054 1866 urum.
1085 1804 1136 1886 [ibi
1158 1813 1188 1866 in
1210 1825 1311 1866 museo
1334 1823 1477 1880 casnm,
1505 1825 1624 1876 vesu„

312 1931 394 1985 4444,
419 1915 471 1971 ubi
495 1907 578 1989 vidi]‚
625 1914 721 1986 Longa
743 1919 787 1969 est
811 1917 919 1983 uoto,
946 1930 1042 1970 crassa
1068 1917 1175 1982 0‚022.

765 2081 874 2124 tectu
923 2061 935 2142 1
983 2081 1114 2122 ³¹1·er

267 2228 426 2298 Descripsi.
453 2253 492 2264 -
521 2223 562 2277 Ex
584 2221 770 2290 Vermigliolii
796 2221 911 2278 schedis
934 2221 1076 2278 Cardinali
1097 2225 1242 2279 iscrizioni
1270 2223 1382 2278 antiche
1403 2225 1510 2280 inedite
1539 2230 1626 2283 4849

267 2347 299 2387 4.
322 2332 392 2396 444,
426 2328 462 2384 44.
492 2343 522 2398 p.
550 2330 587 2382 35
613 2330 643 2380 et
666 2329 716 2394 st,
750 2325 801 2395 qui
830 2329 969 2379 tesseram
1000 2330 1101 2390 vocat;
1137 2325 1312 2396 Vermiglioli
1342 2328 1488 2384 iscrizioni
1512 2328 1625 2401 Pernp.

267 2432 315 2489 ed.
336 2437 351 2486 2
376 2437 399 2486 4.
418 2431 441 2485 ll
468 2421 572 2504 (teet)
608 2444 636 2499 p.
666 2431 725 2484 ste
754 2443 784 2482 n.
808 2431 861 2496 64;
896 2427 999 2483 melius
1027 2427 1103 2483 idem
1135 2430 1164 2482 in
1192 2429 1315 2498 epistula
1345 2429 1381 2484 ad
1409 2428 1525 2485 Ortium
1561 2448 1624 2488 scr.

267 2535 315 2592 ed.
342 2536 371 2589 44
395 2532 529 2589 Giornate
550 2530 732 2588 scient-teu.
751 2531 781 2586 di
795 2529 917 2602 Perapia
943 2533 1021 2586 4835
1046 2546 1076 2586 n.
1098 2534 1222 2588 44-46
1252 2526 1458 2608 (lun-Aug.)
1487 2549 1520 2604 p.
1545 2539 1623 2592 atr:

267 2637 610 2700 Deldinicist.113'i‚
646 2651 676 2706 p.
703 2637 807 2702 itui
838 2639 866 2688 et
887 2649 919 2704 p.
940 2636 998 2691 222
1040 2627 1158 2706 (Ritschl
1180 2639 1202 2690 t.
1229 2633 1269 2688 lx
1292 2627 1364 2710 44);
1402 2649 1438 2690 ex
1468 2637 1629 2705 prioribus

196 2762 200 2770 ·
266 2741 426 2798 Mommsen
449 2739 535 2808 Corp.
555 2737 566 2792 l
590 2741 649 2793 698
675 2743 703 2792 et
726 2736 866 2792 Garrucci
893 2739 984 2792 4085.

353 2856 373 2896 4
396 2841 582 2911 neclegenter
603 2839 678 2895 iacta
701 2853 792 2909 prope
815 2838 898 2894 abest
920 2855 937 2892 4
959 2839 1071 2894 litterae
1094 2851 1116 2894 0
1141 2839 1232 2896 iorma
1256 2846 1288 2895 ut
1308 2842 1338 2895 in
1360 2856 1391 2896 u.
1412 2844 1462 2898 it.

353 2943 480 3001 Offendit
502 2944 531 3000 in
553 2940 656 3011 glande
678 2940 779 3010 robigo
802 2940 912 3010 viridis,
939 2956 1015 3011 quae
1038 2946 1189 3011 praeterea
1211 2943 1301 2998 altera
1323 2941 1396 2998 llava
1412 2943 1531 3000 obtecta
1560 2955 1623 3004 est:

266 3047 380 3104 accedit
402 3046 480 3118 quod
504 3051 562 3101 tam
584 3043 675 3100 iorma
698 3043 809 3115 plumbi
833 3057 920 3115 quam
942 3043 1044 3099 litteris
1067 3043 1227 3100 maioribus
1249 3047 1369 3102 similior
1389 3053 1434 3102 est
1448 3044 1623 3118 Asculanis,

268 3151 418 3222 inscriptio
441 3155 537 3205 autem
561 3149 615 3220 lep.
633 3147 676 3202 Xl
695 3140 708 3222 χ
730 3137 852 3224 diadem)
873 3137 1004 3223 laidem)
1031 3146 1186 3202 Perusinae
1215 3146 1360 3204 obsidioni
1388 3146 1551 3206 tribuenda
1584 3164 1631 3210 est

266 3253 340 3309 sicut
373 3267 402 3310 n.
434 3256 488 3323 77,
526 3256 606 3308 cerie
638 3265 698 3307 non
730 3255 825 3321 potest
853 3247 1025 3305 Asculacae.
1083 3251 1216 3321 Denique
1250 3250 1411 3322 robiginem
1445 3252 1630 3327 litterasque

265 3357 428 3411 accuratius
451 3356 616 3410 examinare
646 3353 763 3409 difficile
793 3359 837 3408 est
865 3359 1036 3423 propterea,
1068 3353 1147 3423 quod
1176 3353 1244 3410 huic
1274 3353 1370 3424 glandi
1401 3361 1433 3410 ut
1460 3355 1525 3411 aliis
1560 3361 1629 3414 eius

164 3514 168 3524 ,
264 3460 368 3528 musei,
395 3458 466 3514 dum
488 3459 516 3512 in
534 3471 620 3512 usum
642 3457 734 3511 musei
750 3453 1008 3526 Sangermanensis
1023 3461 1126 3527 ectypa
1150 3455 1320 3525 formantur,
1347 3459 1431 3529 gypsi
1455 3461 1628 3528 particulae

265 3561 373 3617 multae
396 3560 599 3616 adhaeserunt.
625 3587 668 3598 —
690 3556 761 3626 Sed,
790 3563 821 3614 ut
843 3558 990 3614 mittamus
1012 3558 1185 3631 robiginem,
1211 3561 1286 3615 sitne
1308 3562 1422 3616 novicia
1445 3577 1556 3630 necne,
1587 3566 1627 3622 dc

265 3663 461 3733 inscriptionis
495 3661 664 3732 antiquitate
697 3660 814 3717 omnino
848 3660 974 3717 dubitari
1008 3677 1066 3719 non
1099 3668 1205 3732 potest.
1263 3662 1336 3718 Nam
1369 3670 1437 3720 nota
1470 3667 1528 3720 4444
1570 3667 1627 3724 luit

264 3780 340 3821 anno
365 3769 461 3834 t8t93
492 3765 573 3836 atqui
603 3779 661 3820 non
683 3763 777 3820 solum
804 3763 893 3820 falsae
922 3764 1042 3835 glandes
1072 3781 1172 3822 omnes
1201 3765 1372 3836 posterioris
1399 3773 1468 3822 sunt
1498 3772 1623 3839 aetatis,

265 3883 369 3924 verum
397 3869 499 3934 etiam,
532 3867 561 3922 id
585 3866 663 3936 quod
691 3883 754 3922 rem
780 3865 903 3934 decidit,
937 3867 1133 3938 inscriptionis
1157 3869 1312 3938 antiquitas
1334 3867 1488 3939 glandibus
1510 3881 1627 3941 postea

264 3953 383 4026 demum
398 3971 523 4026 inventis
543 3965 583 4042 [n.
600 3964 649 4046 77)
670 3969 755 4041 plane
772 3967 960 4041 comprobata
977 3976 1029 4026 est.
1068 3971 1185 4027 Maioris
1199 3977 1295 4026 autem
1311 3970 1421 4028 moduli
1437 3973 1626 4046 priscaeque

263 4075 372 4146 speciei
394 4072 506 4129 litterae
529 4073 616 4128 etiam
638 4074 668 4127 44
690 4073 745 4128 4444
767 4071 872 4142 glande
894 4071 972 4128 haud
996 4071 1085 4129 dubie
1107 4073 1244 4129 Perusina
1272 4067 1312 4147 (4.
1333 4069 1382 4148 tt)
1411 4081 1541 4132 exstant.

263 4272 371 4357 79[=
387 4281 503 4350 carpi
526 4295 557 4334 n.
576 4272 649 4355 700]
690 4263 820 4354 [tessera
842 4279 926 4354 (sic),
958 4279 987 4333 in
1009 4293 1111 4335 museo
1134 4279 1291 4336 Dicmantis
1315 4265 1521 4336 Montemelini’
1554 4283 1627 4357 [Pe-

306 4379 410 4456 rusiae)
439 4395 600 4449 racrnvnr,
634 4381 740 4438 deinde
762 4379 873 4438 ibidem
895 4383 926 4437 in
947 4396 1048 4439 museo
1071 4379 1203 4439 Oddiano
1225 4395 1320 4438 veru.
1346 4382 1393 4438 ed.
1417 4388 1448 4451 t,
1480 4397 1566 4442 nunc
1592 4391 1625 4443 in

198 4531 202 4540 .
307 4501 408 4542 museo
429 4484 548 4556 publico
571 4497 716 4540 verume.
743 4485 791 4540 ed.
812 4489 847 4554 2;
874 4483 915 4541 ibi
937 4478 1022 4558 vidil.
1071 4485 1167 4557 Longa
1190 4491 1235 4542 est
1255 4488 1363 4555 o,0tt,
1390 4501 1487 4542 crassa
1511 4491 1623 4555 0,til9

306 4593 335 4644 et
358 4592 467 4657 0,ott.
492 4585 669 4658 Amygdalae
700 4586 821 4644 lormam
849 4585 952 4656 habet,
986 4587 1039 4642 sed
1070 4593 1206 4660 quattuor
1227 4587 1406 4656 marginibus
1435 4591 1465 4643 in
1488 4591 1623 4649 totidem

305 4705 387 4746 areas
410 4689 501 4746 divisa
524 4696 577 4746 est.
618 4691 683 4746 Non
706 4695 785 4746 recte
807 4698 947 4746 tesseram
968 4697 1146 4746 vocaverunt
1161 4690 1333 4746 Paciaudius
1356 4697 1385 4746 et
1400 4691 1497 4748 Verm.
1523 4695 1580 4750 ed.
1606 4701 1617 4751 4

303 4795 446 4864 peiusque
468 4809 583 4850 aeream
607 4809 671 4850 esse
694 4793 765 4849 dixit
789 4792 883 4848 Verm.
903 4791 950 4848 ed.
972 4797 1001 4848 2.

754 4961 849 5002 L·x11

732 5061 876 5106 SCAEVA
927 4991 939 5072 Ι
988 5011 1104 5054 Imm

259 5201 329 5260 Tab.
350 5205 388 5259 lli
409 5209 439 5261 s.
487 5205 646 5276 Descripsi.
673 5231 711 5245 -
735 5202 880 5274 Paciaudi,
907 5204 936 5258 in
960 5202 1065 5259 Graec.
1083 5203 1235 5275 anaglyph.
1256 5203 1339 5259 diatr.
1363 5207 1442 5263 {752
1467 5220 1495 5275 p.
1515 5205 1617 5280 XXV;

260 5306 435 5377 virmigtton
463 5309 529 5364 aar.
557 5323 657 5380 paraq.
690 5307 766 5363 444
795 5311 817 5361 t.
836 5305 860 5362 u
880 5302 985 5380 (44444
1012 5320 1043 5374 p.
1064 5308 1135 5375 rer,
1167 5304 1215 5360 ed.
1236 5309 1252 5363 4
1276 5312 1299 5361 t.
1317 5306 1341 5361 11
1362 5298 1467 5383 (lesit
1495 5323 1527 5378 p.
1551 5317 1618 5372 sta
