3374 5930
319 647 392 724 390
894 665 1078 721 nouusnr

312 841 391 926 tralti
426 855 495 906 sunt
527 843 603 904 mole
635 843 770 904 instituta
803 863 922 904 serrare
955 853 985 904 et
1018 862 1096 922 quae
1129 843 1256 922 turpiter
1288 843 1437 904 servanda
1470 849 1568 904 essent
1615 859 1633 902 ar

316 947 509 1026 instituer[e].

398 1055 402 1130 l
427 1050 617 1128 Quamquam
639 1063 819 1110 autemnon
841 1050 917 1110 nulli
937 1051 1115 1109 arbitrentur
1131 1048 1167 1109 de
1183 1049 1332 1123 omnibus,
1354 1067 1434 1126 quae
1456 1049 1496 1108 ad
1516 1065 1569 1109 nos
1615 1064 1633 1106 n

316 1155 438 1214 maximi
461 1155 610 1232 principes
633 1153 818 1226 rettulerunt,
842 1173 900 1211 nna
915 1162 946 1211 st
961 1154 1114 1212 succincta
1129 1153 1280 1212 sententia
1294 1153 1491 1224 censendum,
1508 1153 1513 1230 Ι
1529 1161 1571 1210 ta-
1617 1169 1635 1209 a

316 1277 397 1330 men,
431 1259 457 1316 si
486 1275 540 1316 vos
574 1255 720 1333 probatis,
754 1256 872 1332 singula
898 1256 1069 1332 specialiter
1095 1273 1271 1332 persequar,
1302 1256 1405 1314 serbis
1433 1256 1510 1331 ipsis
1535 1273 1571 1312 ex

318 1362 451 1420 oratione
474 1359 664 1419 sanctissima
690 1358 729 1416 ad
755 1357 850 1416 lucem
879 1358 1043 1416 sententias
1070 1357 1240 1430 translatis,
1270 1377 1306 1416 ne
1334 1375 1396 1434 qna
1423 1377 1464 1416 ex
1490 1367 1571 1434 parte

318 1464 420 1540 pravis
441 1461 747 1540 interpretationibus
771 1461 812 1519 sit
833 1460 954 1536 loc[u]s.
1618 1475 1637 1515 rs

401 1565 507 1642 Itaque
533 1581 655 1636 censeo,
684 1565 726 1620 uti
753 1583 890 1633 munera,
917 1580 995 1639 quae
1022 1561 1192 1620 assiiorana
1219 1562 1427 1639 appellantur,
1460 1563 1492 1620 in
1521 1579 1573 1620 sua

318 1669 415 1727 forma
432 1667 595 1742 mane[a]nt
615 1685 669 1724 neo
684 1665 873 1742 egrediantur
889 1665 1018 1741 sumpltu
1035 1663 1232 1741 (sestertium)
1246 1664 1340 1724 XXX
1357 1663 1482 1740 (milia).
1516 1661 1573 1736 Qui
1619 1681 1637 1720 a

320 1781 417 1829 autern
446 1788 538 1847 supra
565 1767 762 1844 (sestertium)
784 1767 879 1826 XXX
907 1766 1018 1844 (milia)
1046 1767 1083 1826 ad
1110 1765 1169 1825 LX
1197 1766 1309 1844 (milia)
1339 1785 1439 1844 usque
1467 1783 1571 1824 munus

319 1874 421 1946 edent,
455 1874 481 1932 is
515 1871 697 1951 gladiatores
730 1869 876 1948 tripertito
910 1871 1108 1948 praebeantur
1137 1889 1259 1928 numero
1293 1871 1369 1946 pari.
1420 1867 1572 1930 Summum

321 1977 457 2054 preltium
481 1977 521 2035 sit
1620 1989 1637 2028 a

474 2079 588 2154 primae
610 2077 688 2155 parti
710 2075 840 2154 quinque
863 2077 953 2148 milia,

474 2181 624 2240 secundae
646 2191 787 2256 quattuor
809 2179 902 2252 milia,

475 2283 578 2342 tertiae
601 2283 660 2340 tria
682 2283 774 2341 milia.

405 2387 433 2444 Α
457 2385 654 2462 (sestertium)
676 2384 733 2443 LX
760 2383 910 2460 (milibus)
933 2383 971 2441 ad
995 2381 1020 2441 C
1043 2382 1153 2458 (milia)
1181 2401 1277 2458 usqae
1300 2383 1453 2442 trifariam
1476 2391 1571 2440 noetus

321 2488 549 2566 gladiator(urn)
574 2488 688 2546 diuisus
712 2489 716 2564 l
742 2487 789 2544 sit.
1618 2499 1635 2539 n

476 2591 569 2650 Primi
593 2591 705 2648 ordinis
728 2589 903 2665 gladiatoris
927 2607 1075 2647 summum
1099 2587 1225 2664 pretium
1248 2588 1287 2645 sit
1302 2587 1378 2646 VllI
1403 2587 1526 2664 (milia),

476 2693 591 2752 mediae
613 2693 718 2751 classis
733 2691 778 2750 Vl
802 2691 925 2768 (milia),

477 2796 584 2854 deindo
606 2796 747 2871 quinque.

409 2899 503 2958 Porro
531 2919 549 2956 a
574 2905 691 2956 centum
718 2896 837 2956 milibus
871 2895 908 2954 ad
939 2893 991 2953 GL
1018 2895 1129 2972 (milia)
1159 2896 1294 2971 quinque
1324 2895 1386 2954 sint
1417 2893 1572 2976 manilpuli,
1615 2909 1632 2946 a

326 3021 409 3062 curus

477 3085 563 3163 primi
588 3085 714 3161 pretium
738 3085 776 3141 sit
798 3081 862 3140 Xli
885 3081 1007 3158 (milia),

478 3188 598 3248 secundi
620 3187 651 3244 X
674 3185 796 3261 (milia),

479 3291 547 3350 terti
564 3289 625 3346 Vll
648 3288 770 3364 (milia),

477 3393 574 3469 quarti
590 3391 635 3450 vl
659 3387 780 3466 (milia),

477 3503 629 3572 postremo
652 3495 791 3570 quinque.

406 3598 472 3656 lam
495 3599 563 3654 hino
584 3615 673 3673 porro
697 3615 716 3654 a
738 3593 790 3654 CL
812 3593 963 3670 (milibus)
986 3593 1024 3652 ad
1047 3592 1099 3654 CC
1122 3592 1231 3670 (milia)
1259 3603 1288 3652 et
1313 3595 1463 3673 quidquid
1487 3613 1570 3672 supra
1662 3661 1663 3664 Ἴ

326 3717 430 3757 susum
455 3716 573 3756 versum
598 3699 602 3774 l
627 3699 692 3772 erit,
1614 3707 1631 3748 a
1662 3685 1663 3757 l

478 3801 571 3858 infimi
593 3799 769 3877 gladiatoris
792 3801 920 3877 pretium
944 3799 985 3858 sit
1000 3798 1044 3856 vl
1066 3797 1186 3874 (milia),

479 3921 567 3979 super
590 3922 655 3962 eum
672 3903 733 3960 VII
756 3902 876 3978 (milia),

479 4006 548 4063 terti
571 4015 650 4062 retro
666 4002 762 4062 VIIII
785 4003 907 4081 (milia),
1661 4037 1662 4076 3

480 4105 812 4183 mmmmm,
1661 4089 1662 4163 l

480 4211 517 4268 ad
541 4229 634 4286 usqne
656 4208 718 4267 XV
735 4209 854 4285 (milia).

410 4313 452 4372 Et
473 4313 546 4372 haee
570 4313 609 4372 sit
631 4329 748 4371 summo
771 4331 806 4370 ac
821 4312 973 4370 formonso
993 4310 1154 4388 gladiatori
1169 4305 1302 4391 defiluita
1316 4314 1481 4389 quantitas.
1513 4311 1571 4373 Uti·
1613 4323 1627 4362 a

325 4431 384 4492 que
406 4417 436 4474 in
459 4418 595 4475 omnibus
618 4415 807 4486 muneribus,
834 4432 911 4490 quae
936 4414 1099 4492 generatim
1121 4413 1264 4473 distincta
1290 4425 1374 4490 sunt,
1402 4417 1512 4476 lanista
1533 4415 1571 4472 di·
1660 4443 1661 4448 κ

327 4518 448 4578 midiam
471 4519 588 4595 copiam
611 4517 740 4576 universi
763 4517 878 4576 numeri
900 4517 1074 4594 promisque
1096 4515 1303 4594 multituldinis
1325 4521 1467 4594 praebeat
1482 4535 1572 4596 exque
1612 4525 1628 4566 a
1660 4495 1661 4571 l

411 4742 449 4801 26
478 4743 636 4818 instituere]
664 4757 860 4800 rnsrrrvensr
887 4758 953 4810 aes;
986 4741 1088 4816 possis
1114 4751 1230 4801 retento
1260 4743 1318 4801 boo
1344 4743 1489 4804 vocabulo
1514 4741 1548 4800 de
1569 4739 1631 4796 hiatu

324 4847 472 4926 cogitare,
501 4865 567 4904 cunr
591 4844 738 4904 sententia
763 4862 881 4920 quoque
907 4861 1011 4920 parum
1035 4851 1106 4920 apta
1128 4843 1181 4916 sit,
1212 4853 1245 4902 ut
1266 4845 1357 4904 fuerit
1377 4847 1421 4906 sio
1440 4845 1515 4904 fere:
1541 4854 1631 4901 serron⁴
1659 4899 1660 4902 ,

326 4959 352 5008 et
374 4947 419 5024 [id
440 4952 491 5024 qui
506 4949 619 5022 suomet
640 4948 733 5005 eodem
756 4948 815 5004 looo
839 4957 1003 5021 essentque
1026 4945 1087 5021 pai]
1108 4963 1182 5022 qaus
1204 4951 1324 5023 turpiter
1345 4949 1487 5008 servando
1505 4953 1585 5005 esrem
1601 4945 1631 4996 ia·

326 5053 454 5110 stitueret
475 5085 513 5095 -
538 5049 576 5108 29
599 5049 690 5125 loona]
714 5063 802 5108 nocis
825 5067 878 5108 aes
900 5079 941 5091 -
961 5048 1107 5124 maneant]
1129 5065 1261 5108 mansur
1282 5067 1334 5108 aea
1356 5083 1399 5096 —
1422 5048 1518 5110 XXX
1535 5039 1631 5123 (nilion

324 5159 395 5212 ’ΠΧ
422 5169 473 5210 nes
498 5161 528 5210 et
550 5153 594 5211 sio
615 5151 755 5228 deinceps
776 5183 817 5192 -
845 5149 884 5208 34
902 5149 1066 5230 formonso]
1084 5153 1201 5226 samono
1224 5151 1413 5226 Hirschfeld,
1439 5161 1467 5211 et
1488 5168 1555 5210 sane
1573 5141 1632 5205 illud
1658 5183 1659 5220 5

327 5253 464 5338 displicet
