3466 5926
306 573 354 644 44
786 585 945 636 exarnus
963 585 1169 637 recrearas

304 793 443 850 habetet
465 792 495 846 in
517 794 582 846 octo
605 801 688 844 areas
710 784 801 840 divisa
823 788 883 850 est;
913 784 943 837 in
966 787 1091 852 utroque
1112 782 1202 838 latere
1224 782 1318 839 lineae
1343 783 1516 840 decussatae
1540 791 1656 841 exstant

304 911 363 952 non
385 893 532 951 absimiles
554 890 688 963 pugionis
710 887 830 954 formae,
857 887 977 955 qimaiu
997 885 1062 940 aliis
1082 887 1238 957 reperitur,
1264 888 1320 942 nisi
1342 885 1422 958 quod
1444 888 1473 942 in
1496 888 1554 944 illis
1580 890 1655 944 linea

304 1003 470 1054 transversa
492 996 553 1050 lere
583 1008 641 1051 non
668 993 697 1046 in
720 988 815 1045 media
837 988 941 1059 glande
964 993 1057 1044 exstat
1079 989 1159 1043 etin
1181 987 1396 1058 exemplaribus
1423 988 1501 1046 bene
1527 1007 1656 1048 conser-

303 1102 377 1157 vatis
398 1113 458 1154 non
478 1112 573 1168 usque
596 1094 633 1150 ad
654 1094 799 1164 margines
820 1088 962 1160 perducta
985 1095 1040 1146 est.
1086 1090 1163 1146 Num
1185 1093 1302 1147 omnino
1325 1107 1387 1146 rem
1409 1092 1537 1164 aliquam
1561 1097 1656 1164 signi-
1713 1142 1714 1176 p

303 1203 379 1272 ficet,
406 1216 466 1258 non
487 1200 583 1255 minus
605 1197 748 1252 incertum
770 1197 814 1249 est
836 1207 925 1263 quam
947 1194 1138 1264 insequenti.
1155 1222 1199 1234 -
1215 1194 1373 1252 Garmoeio
1393 1188 1454 1270 (qui
1477 1196 1513 1252 ad
1537 1213 1571 1254 n,
1593 1203 1652 1254 969
1713 1183 1714 1244 Q

302 1305 340 1361 de
369 1304 415 1359 his
444 1302 542 1373 liguris
571 1290 708 1373 loquitur)
742 1301 810 1352 sunt
842 1293 983 1351 »funiculi
1012 1293 1167 1351 landarum
1196 1295 1244 1351 alii
1273 1297 1344 1354 alios
1360 1298 1535 1356 scandentes
1560 1303 1601 1355 ita
1625 1307 1654 1356 ut

301 1407 431 1478 plagulas
454 1411 483 1462 et
505 1403 634 1460 maculas
658 1399 845 1470 scutulasque
867 1398 1007 1453 efficiant:
1045 1403 1224 1468 quapropter
1245 1399 1352 1455 fundae
1381 1403 1412 1456 in
1433 1401 1542 1470 medlo,
1572 1403 1653 1474 quod

301 1516 346 1566 est
359 1509 553 1574 reticulatum,
579 1503 689 1562 scutale
704 1505 836 1558 vocant«.
877 1501 949 1555 ltem
964 1497 1057 1555 Alessi
1072 1500 1172 1556 lettere
1195 1504 1275 1558 4848
1292 1518 1323 1574 p.
1343 1505 1381 1559 at
1405 1501 1520 1560 Siculae
1536 1505 1653 1576 glandis

301 1611 421 1683 figuram
454 1603 573 1687 (tulmen
601 1613 634 1663 ut
661 1605 781 1677 opinor,
816 1603 855 1660 44.
888 1605 951 1658 eius
980 1599 1041 1658 tab.
1066 1594 1087 1677 l)
1123 1601 1148 1658 le
1176 1603 1228 1675 fila
1256 1603 1302 1660 del
1329 1604 1419 1676 sendo
1441 1607 1528 1663 d’ooo
1551 1609 1651 1680 fiendo

300 1716 506 1786 interpretatus
534 1717 606 1768 erat.
657 1707 694 1764 at
723 1708 822 1777 plures
851 1705 971 1762 funiculi
1000 1704 1160 1772 decussati,
1197 1712 1229 1762 ut
1257 1711 1325 1762 sunt
1351 1709 1422 1764 retis
1444 1711 1591 1778 maculae,
1624 1713 1652 1767 in

301 1816 378 1872 nuilla
407 1815 512 1888 glande
541 1812 727 1884 reperiuntur
753 1815 783 1865 et
803 1811 921 1864 omnino
944 1807 1124 1864 reticulatam
1145 1807 1235 1864 luisse
1257 1808 1364 1865 lundae
1387 1811 1512 1868 mediam
1534 1819 1651 1882 partem

300 1935 397 1991 neque
429 1917 552 1974 traditur
585 1929 680 1986 neque
711 1927 766 1984 per
794 1927 827 1966 se
855 1910 1033 1967 verisimile
1055 1917 1109 1968 est.
1157 1909 1272 1967 Scutale
1294 1919 1391 1968 autem
1413 1914 1484 1984 quid
1504 1917 1651 1987 significet

300 2022 378 2078 Livio
407 2015 452 2096 (ex
477 2034 553 2090 quo,
578 2021 611 2074 ut
632 2017 745 2088 opinor,
771 2014 918 2070 Charisius
940 2028 970 2083 p.
1000 2017 1069 2082 448,
1092 2015 1130 2070 34
1154 2012 1228 2068 Keil.
1252 2007 1418 2088 memorat),
1447 2031 1506 2074 non
1527 2023 1649 2077 omnino

299 2123 418 2194 quidem
446 2125 573 2189 constat,
610 2117 663 2175 sed
688 2123 739 2185 38,
759 2121 798 2176 te
826 2108 878 2192 §6
909 2113 1062 2188 probabile
1092 2121 1136 2171 est
1164 2129 1230 2172 esse
1257 2113 1402 2172 habenam
1431 2117 1537 2174 fundae
1566 2123 1649 2178 corio

299 2225 417 2292 lactam3
459 2223 549 2280 444444
579 2221 643 2278 4444
677 2213 740 2293 (tt,
760 2223 799 2275 65
822 2210 922 2294 §⁴0),
954 2217 977 2272 si
1007 2219 1104 2274 livius
1133 2219 1177 2274 sic
1206 2217 1298 2285 [4444
1319 2220 1415 2274 medic
1443 2221 1649 2278 deosculatio

298 2330 414 2401 inperio
445 2319 736 2400 [dcooumoliaioport'
761 2312 864 2395 codex]
895 2318 1015 2376 4464444
1044 2319 1176 2390 scripsit,
1207 2319 1432 2391 descriptionem
1460 2322 1649 2396 Polybianam

304 2423 391 2504 (apud
414 2427 531 2484 Suidam
554 2445 584 2484 ν.
609 2419 740 2503 κέστρος,
767 2439 798 2494 p.
827 2426 918 2489 4463,
949 2426 984 2478 43
1010 2415 1137 2498 Hultsch)
1171 2437 1327 2494 perperam
1355 2425 1562 2496 interpretatus
1586 2435 1643 2496 est;

298 2534 431 2588 henim:
456 2529 556 2602 τοῦτο,
581 2523 661 2586 δυεῖν
676 2515 783 2584 κώλων
804 2512 914 2600 (κάλων
930 2519 1030 2600 codd.)
1051 2511 1160 2580 ἀνίσων
1181 2509 1376 2604 ὑπαρχόντων
1391 2523 1445 2605 τῆς
1466 2522 1646 2608 σφενδόνης,

298 2627 341 2700 εἰς
370 2623 403 2690 τὸ
432 2627 521 2710 μέσον
550 2621 758 2710 ἐνηγνυλίζετο
787 2625 846 2684 τῶν
869 2614 972 2684 κώλων
1006 2613 1117 2703 (κάλων
1140 2620 1240 2704 codd.)
1267 2615 1407 2704 εὐλύτως,
1440 2633 1461 2687 i.
1483 2647 1512 2688 e.
1537 2633 1646 2690 fundae

216 2785 219 2792 .
298 2735 357 2794 duo
387 2734 517 2792 membra
540 2735 651 2806 inparia
682 2738 773 2800 erant,
809 2733 839 2786 in
868 2745 995 2801 quorum
1017 2727 1215 2786 membrorum
1237 2730 1334 2786 media
1355 2739 1438 2803 parte
1460 2735 1551 2790 telum
1575 2737 1646 2792 illud

303 2829 589 2914 (cestrosphendonel
610 2832 803 2892 inserebatur.
836 2831 891 2889 Ubi
906 2834 969 2889 sive
991 2832 1062 2888 illud
1077 2819 1178 2889 κάλων
1198 2826 1258 2905 (aut
1272 2835 1367 2904 potius
1381 2823 1498 2914 κώλων)
1514 2837 1646 2896 habenas

304 2935 342 3015 [id
373 2939 451 3011 quod
488 2939 558 2996 mihi
585 2937 741 3009 probatur,
778 2935 816 2992 44.
846 2934 949 2992 Strabo
979 2935 1016 2990 lll
1046 2951 1075 3006 p.
1108 2937 1164 2992 468
1187 2933 1219 2990 G.
1246 2924 1440 3014 μακρὸκωλον
1470 2934 1549 3016 κτλ.)
1584 2945 1645 2998 sive

297 3042 380 3098 aliter
402 3041 597 3114 explicamus,
624 3041 680 3098 hoc
703 3045 816 3096 certum
838 3043 897 3106 est,
934 3053 983 3094 eas
1006 3051 1063 3094 non
1086 3039 1116 3093 in
1138 3037 1234 3094 media
1256 3038 1345 3094 lunda
1366 3041 1456 3097 inisse
1479 3047 1507 3098 et
1530 3060 1643 3100 errasse

297 3145 418 3200 Livium.

296 3358 341 3425 40
358 3359 411 3442 [=
427 3366 512 3438 corp.
531 3365 571 3421 lx
593 3381 623 3420 n.
645 3367 737 3432 6486,
756 3356 802 3438 xx]
837 3367 847 3417 4
879 3354 959 3436 [44444
982 3361 1060 3434 apud
1075 3361 1279 3433 Santangelum
1300 3379 1329 3420 n.
1347 3369 1376 3434 3,
1402 3381 1480 3423 nunc
1497 3377 1643 3425 hamuseo

381 3469 570 3539 Neapolitano
585 3481 615 3522 n.
634 3458 740 3539 titul.
781 3463 890 3520 Pendet
907 3467 944 3521 56
961 3481 1019 3536 gr„
1041 3465 1125 3534 longa
1143 3468 1251 3533 0,ota‚
1270 3482 1368 3522 crassa
1385 3472 1459 3535 4,θῖ
1478 3475 1507 3525 44
1524 3475 1639 3540 0,444;

381 3569 513 3640 robigine
535 3567 609 3625 ssave
631 3567 787 3623 incrustata
811 3571 865 3622 est.

343 3678 358 3730 4
384 3675 413 3727 in
436 3673 540 3730 Piceno
562 3688 627 3744 rep.
652 3683 736 3725 narr.
762 3686 793 3740 p.
814 3674 843 3726 3.

296 4447 327 4498 4;
353 4441 425 4499 Tab.
438 4441 486 4498 Vll
507 4447 556 4499 43.
592 4443 656 4500 Vidi
679 4451 708 4502 et
729 4460 818 4516 supra
840 4445 967 4504 exhibui.
1005 4450 1037 4504 ln
1059 4465 1161 4505 aversa
1183 4454 1265 4520 parte
1288 4464 1346 4506 non
1369 4448 1444 4505 bene
1467 4457 1641 4508 conseruata

336 4549 415 4602 certe
438 4561 516 4602 nune
539 4544 610 4600 nihil
632 4548 773 4604 comitur.

294 4651 310 4705 2
335 4647 445 4704 Delfico
467 4649 497 4703 in
522 4647 620 4704 tabula
648 4645 696 4725 (el.
716 4665 746 4719 p.
766 4655 782 4707 3
807 4657 837 4707 et
860 4643 907 4726 40)
934 4667 1002 4708 4444
1024 4653 1145 4708 incisam
1167 4651 1284 4708 exhibet
1306 4651 1492 4722 praecedenti
1514 4656 1641 4712 similem

340 4743 386 4825 (an
408 4744 575 4826 eandeml).

376 4883 438 4941 Alia
471 4885 604 4959 exempla
637 4885 729 4945 habes
763 4891 793 4944 in
822 4891 956 4961 sequenti
994 4895 1023 4946 et
1054 4889 1158 4962 glande
1194 4893 1311 4963 originis
1346 4895 1477 4964 ignotae,
1515 4893 1638 4951 lortasse

290 4986 462 5062 Asculanae,
488 5004 517 5044 n.
541 4993 611 5047 443.

380 5091 462 5148 Vexat
482 5091 547 5148 dell'
565 5094 687 5166 artefice,
714 5111 728 5150 e
750 5095 781 5150 di
801 5095 891 5151 44444
913 5112 979 5152 4444
1001 5097 1152 5153 4444444444
1166 5096 1285 5153 bellico.
1334 5098 1466 5154 Fortasse
1490 5099 1638 5157 imitantur

290 5192 458 5266 amygdalae
472 5195 596 5266 prunive
611 5195 746 5252 nucleum
768 5189 815 5272 (el.
834 5213 956 5270 granum
979 5198 1079 5254 hordei
1096 5201 1221 5255 nummis
1238 5206 1496 5270 repraesentatum,
1524 5217 1571 5258 ex.
1590 5219 1633 5273 gr.

290 5299 343 5353 Aes
364 5313 453 5366 prove
474 5296 521 5353 del
543 5315 639 5355 museo
661 5299 759 5356 Kircb.
787 5301 855 5357 cl.1
878 5308 899 5356 t.
918 5293 1018 5375 lxo).
