3322 5928
317 575 388 648 188
746 597 1021 652 hunimundus
1047 597 1128 650 von.
1148 597 1218 649 vm
1539 583 1644 726 ees-sup

1643 761 1644 790 l

311 823 385 884 804
416 827 446 884 in
474 824 530 884 eol.
558 825 619 884 mil.
647 845 708 906 rep.
740 825 771 886 in
800 825 939 888 colliculo
967 825 1125 888 ruderibus
1153 826 1250 888 obsito
1275 825 1307 888 in
1333 825 1424 888 fluvii
1439 823 1522 884 Wed
1545 795 1644 972 reus*

352 927 420 1005 rips
440 927 557 988 dextra.
1643 973 1644 1008 p

1643 1015 1644 1040 l

1643 1043 1644 1134 t

601 1143 734 1195 Poinssotr
1185 1143 1229 1196 Sic
1248 1143 1303 1194 iere
1321 1143 1387 1194 init:
1643 1139 1644 1230 l

586 1286 626 1326 m
648 1283 667 1328 C
1149 1287 1260 1328 Μαῦιο
1286 1291 1311 1328 st
1335 1287 1421 1328 tusis

586 1385 629 1428 CO
657 1387 696 1428 tm
1149 1387 1184 1431 10
1204 1389 1369 1441 minonem.
1386 1401 1421 1429 u

586 1475 679 1531 utlnro
698 1489 746 1532 Νο
1148 1489 1252 1534 usuro
1285 1490 1421 1534 moerus

585 1591 653 1635 ΛΝο
676 1590 726 1634 rto
1147 1592 1223 1636 ΛΝο
1251 1593 1311 1637 rto
1326 1593 1421 1642 serres·

518 1693 748 1736 euveum
1080 1695 1418 1747 emersimus

587 1795 647 1839 (.Ὸὸ
667 1797 700 1837 Pl’
1148 1797 1217 1840 COS
1245 1797 1261 1838 P
1284 1797 1300 1836 Ρ
1322 1809 1417 1848 prom

631 1898 748 1940 Lxxxx
1198 1885 1360 1941 Lxxxxllll

619 2001 709 2042 VREL
1147 2008 1218 2056 lurp.
1260 2003 1417 2044 cuessrl

583 2103 743 2145 nuxrutnrt
1146 2119 1174 2147 m.
1195 2105 1333 2148 evurtio
1360 2107 1417 2146 uase

1065 2212 1089 2250 1⁰
1145 2211 1183 2249 rio
1205 2207 1415 2249 ΜΑΧΙΜΙΑΝο

1142 2312 1192 2362 plu
1218 2311 1301 2359 soliti
1333 2310 1415 2350 istie

1146 2418 1166 2454 tu
1184 2423 1235 2464 nup.
1250 2411 1265 2452 Ρ
1281 2411 1306 2450 Μ
1323 2416 1351 2452 tr.
1363 2417 1413 2464 pot.

1145 2507 1200 2556 cet.

310 2715 382 2774 Mihi
405 2715 485 2775 misit
508 2713 659 2784 Poinssot‚
681 2714 732 2790 qui
754 2713 830 2774 edid.
855 2725 912 2774 aut.
935 2716 991 2790 asr.
1015 2733 1042 2772 s.
1062 2715 1140 2774 1885
1163 2735 1192 2792 p.
1210 2713 1269 2772 176
1292 2733 1320 2771 n.
1339 2713 1412 2773 858.

353 2839 364 2894 1
390 2837 420 2894 in
442 2835 511 2894 edit.
534 2843 581 2894 est
602 2850 654 2893 une
676 2850 708 2893 c.

308 3399 380 3462 ⁶05
410 3401 441 3460 in
462 3401 518 3460 col.
541 3401 600 3460 mil.
622 3421 684 3480 rep.
707 3401 738 3460 in
759 3401 842 3461 fluvii
857 3401 932 3460 Wed
959 3399 1119 3460 el-Kedlm
1145 3401 1211 3478 ripe
1236 3401 1362 3460 sinistre
1387 3410 1496 3462 contre
1520 3398 1622 3462 collem,

346 3505 376 3563 in
399 3521 458 3580 quo
480 3513 548 3562 sunt
570 3505 679 3563 rudera
697 3503 752 3562 Hr.
768 3503 857 3576 Zeus,
880 3504 910 3561 in
932 3505 1076 3562 morabeti
1097 3504 1224 3582 collapsi
1245 3503 1414 3582 parietinis.
1456 3503 1555 3564 Panes
1572 3498 1622 3574 legi

346 3613 474 3684 possunt
494 3607 525 3666 in
548 3607 686 3666 columne
706 3607 802 3666 olivae
825 3605 973 3665 radicibus
995 3614 1106 3682 operte.

304 4829 380 4889 Mihi
402 4829 485 4890 misit
505 4829 649 4890 Poinssot
670 4837 700 4889 et
721 4831 797 4892 edid.
820 4841 879 4891 ant.
902 4833 959 4907 afr.
984 4851 1010 4892 n.
1031 4831 1109 4891 1885
1131 4849 1160 4910 p.
1180 4832 1236 4891 177
1259 4851 1288 4890 n.
1305 4832 1376 4892 861.

348 4970 364 5029 3
389 4989 573 5032 ΝΛ.
596 4971 626 5029 in
648 4969 717 5028 edit.
739 5003 780 5013 -
808 4971 825 5030 6
848 4989 873 5030 ru
895 4989 952 5030 om.
975 4971 1006 5030 in
1030 4971 1099 5030 edit.
1125 5004 1163 5014 -
1193 4971 1443 5033 8Drusilliense
1464 4965 1606 5032 memorium

304 5073 442 5134 stationis
468 5075 499 5132 in
521 5073 624 5132 tabula
645 5073 866 5150 Peutingeruna
890 5081 959 5150 post
980 5073 1127 5132 Thasiam
1156 5083 1407 5134 commemoratae
1436 5087 1465 5136 et
1489 5073 1546 5132 hinc
1560 5059 1606 5122 Vll

304 5199 342 5236 m.
371 5195 399 5254 p.
427 5176 564 5236 distentis
587 5175 738 5234 Tissotius
765 5175 821 5234 sihi
851 5175 931 5234 visus
957 5185 1004 5234 est
1032 5176 1081 5234 hie
1109 5177 1355 5254 deprehendisse,
1386 5178 1512 5240 fortasse
1534 5182 1601 5232 recte*

306 5279 365 5342 Sed
387 5279 477 5338 velim
499 5278 629 5356 lapidem
653 5277 823 5355 diligentius
847 5278 943 5338 denuo
966 5279 1141 5339 examinari.
