<?xml version="1.0" encoding="UTF-8"?>
<!DOCTYPE html PUBLIC "-//W3C//DTD XHTML 1.0 Transitional//EN"
    "http://www.w3.org/TR/xhtml1/DTD/xhtml1-transitional.dtd">
<html xmlns="http://www.w3.org/1999/xhtml" xml:lang="en" lang="en">
 <head>
  <title>
</title>
<meta http-equiv="Content-Type" content="text/html;charset=utf-8" />
  <meta name='ocr-system' content='tesseract 3.04.00' />
  <meta name='ocr-capabilities' content='ocr_page ocr_carea ocr_par ocr_line ocrx_word'/>
</head>
<body>
  <div class='ocr_page' id='page_1' title='image "./ephemerisepigra14instgoog_0688.png"; bbox 0 0 3374 5930; ppageno 0'>
   <div class='ocr_carea' id='block_1_1' title="bbox 400 697 1368 770">
    <p class='ocr_par' dir='ltr' id='par_1_1' title="bbox 400 697 1368 770">
     <span class='ocr_line' id='line_1_1' title="bbox 400 697 1368 770; baseline 0 -2"><span class='ocrx_word' id='word_1_1' title='bbox 400 713 700 770; x_wconf 76' lang='lat' dir='ltr'><strong>onsaavarronas</strong></span> <span class='ocrx_word' id='word_1_2' title='bbox 727 716 1012 770; x_wconf 74' lang='lat' dir='ltr'><strong>amensamens.</strong></span> <span class='ocrx_word' id='word_1_3' title='bbox 1296 697 1368 769; x_wconf 77' lang='lat'><strong>445</strong></span> 
     </span>
    </p>
   </div>
   <div class='ocr_carea' id='block_1_2' title="bbox 60 887 1380 4857">
    <p class='ocr_par' dir='ltr' id='par_1_2' title="bbox 60 887 1373 1989">
     <span class='ocr_line' id='line_1_2' title="bbox 131 887 1371 967; baseline 0.002 -23"><span class='ocrx_word' id='word_1_4' title='bbox 131 887 242 946; x_wconf 84' lang='lat' dir='ltr'>Deinde</span> <span class='ocrx_word' id='word_1_5' title='bbox 271 891 495 966; x_wconf 86' lang='lat' dir='ltr'><strong>proconsularis</strong></span> <span class='ocrx_word' id='word_1_6' title='bbox 522 901 654 966; x_wconf 84' lang='lat' dir='ltr'><strong>potestas</strong></span> <span class='ocrx_word' id='word_1_7' title='bbox 681 893 831 967; x_wconf 89' lang='lat' dir='ltr'><strong>quaeritur</strong></span> <span class='ocrx_word' id='word_1_8' title='bbox 860 913 930 950; x_wconf 91' lang='lat' dir='ltr'><strong>num</strong></span> <span class='ocrx_word' id='word_1_9' title='bbox 958 905 1036 950; x_wconf 90' lang='lat' dir='ltr'><strong>recte</strong></span> <span class='ocrx_word' id='word_1_10' title='bbox 1064 891 1187 950; x_wconf 90' lang='lat' dir='ltr'><strong>dicatur.</strong></span> <span class='ocrx_word' id='word_1_11' title='bbox 1241 889 1371 948; x_wconf 86' lang='lat' dir='ltr'>Perinde</span> 
     </span>
     <span class='ocr_line' id='line_1_3' title="bbox 64 989 1372 1071; baseline 0.002 -25"><span class='ocrx_word' id='word_1_12' title='bbox 64 989 123 1046; x_wconf 81' lang='lat' dir='ltr'><strong>euim</strong></span> <span class='ocrx_word' id='word_1_13' title='bbox 149 1001 207 1062; x_wconf 90' lang='lat' dir='ltr'><strong>est,</strong></span> <span class='ocrx_word' id='word_1_14' title='bbox 242 991 305 1048; x_wconf 81' lang='lat' dir='ltr'><strong>sire</strong></span> <span class='ocrx_word' id='word_1_15' title='bbox 330 1011 385 1069; x_wconf 93' lang='lat' dir='ltr'><strong>pro</strong></span> <span class='ocrx_word' id='word_1_16' title='bbox 413 993 536 1052; x_wconf 89' lang='lat' dir='ltr'><strong>consule</strong></span> <span class='ocrx_word' id='word_1_17' title='bbox 567 1013 654 1071; x_wconf 89' lang='lat' dir='ltr'><strong>quam</strong></span> <span class='ocrx_word' id='word_1_18' title='bbox 685 993 766 1052; x_wconf 90' lang='lat' dir='ltr'><strong>dicas</strong></span> <span class='ocrx_word' id='word_1_19' title='bbox 793 995 837 1052; x_wconf 92' lang='lat' dir='ltr'><strong>ait</strong></span> <span class='ocrx_word' id='word_1_20' title='bbox 868 995 932 1054; x_wconf 85' lang='lat' dir='ltr'><strong>sive</strong></span> <span class='ocrx_word' id='word_1_21' title='bbox 960 1001 1108 1070; x_wconf 81' lang='lat' dir='ltr'><strong>potestate</strong></span> <span class='ocrx_word' id='word_1_22' title='bbox 1140 992 1305 1065; x_wconf 89' lang='lat' dir='ltr'><strong>consulari,</strong></span> <span class='ocrx_word' id='word_1_23' title='bbox 1339 1001 1372 1049; x_wconf 88' lang='lat' dir='ltr'><strong>ut</strong></span> 
     </span>
     <span class='ocr_line' id='line_1_4' title="bbox 62 1091 1373 1172; baseline 0.004 -27"><span class='ocrx_word' id='word_1_24' title='bbox 62 1091 151 1149; x_wconf 77' lang='lat' dir='ltr'><strong>tribum</strong></span> <span class='ocrx_word' id='word_1_25' title='bbox 180 1093 323 1152; x_wconf 89' lang='lat' dir='ltr'><strong>militares</strong></span> <span class='ocrx_word' id='word_1_26' title='bbox 350 1095 393 1152; x_wconf 89' lang='lat' dir='ltr'><strong>rei</strong></span> <span class='ocrx_word' id='word_1_27' title='bbox 422 1096 557 1172; x_wconf 88' lang='lat' dir='ltr'><strong>publicae</strong></span> <span class='ocrx_word' id='word_1_28' title='bbox 590 1097 729 1171; x_wconf 85' lang='lat' dir='ltr'><strong>antiquae</strong></span> <span class='ocrx_word' id='word_1_29' title='bbox 756 1098 871 1172; x_wconf 84' lang='lat' dir='ltr'><strong>passim</strong></span> <span class='ocrx_word' id='word_1_30' title='bbox 905 1105 1030 1171; x_wconf 91' lang='lat' dir='ltr'><strong>utroque</strong></span> <span class='ocrx_word' id='word_1_31' title='bbox 1063 1096 1152 1154; x_wconf 91' lang='lat' dir='ltr'><strong>modo</strong></span> <span class='ocrx_word' id='word_1_32' title='bbox 1185 1095 1373 1172; x_wconf 80' lang='lat' dir='ltr'><strong>appellantur</strong></span> 
     </span>
     <span class='ocr_line' id='line_1_5' title="bbox 63 1191 1371 1274; baseline 0.002 -24"><span class='ocrx_word' id='word_1_33' title='bbox 63 1191 235 1264; x_wconf 82' lang='lat' dir='ltr'><strong>(Stactarecdt</strong></span> <span class='ocrx_word' id='word_1_34' title='bbox 257 1195 312 1266; x_wconf 80' lang='lat'><strong>2³,</strong></span> <span class='ocrx_word' id='word_1_35' title='bbox 337 1197 417 1272; x_wconf 87' lang='lat'>168).</span> <span class='ocrx_word' id='word_1_36' title='bbox 466 1197 663 1274; x_wconf 88' lang='lat' dir='ltr'><strong>Imperatoria</strong></span> <span class='ocrx_word' id='word_1_37' title='bbox 685 1217 804 1274; x_wconf 89' lang='lat' dir='ltr'><strong>quoque</strong></span> <span class='ocrx_word' id='word_1_38' title='bbox 825 1207 924 1258; x_wconf 89' lang='lat' dir='ltr'><strong>aetate</strong></span> <span class='ocrx_word' id='word_1_39' title='bbox 945 1209 1004 1256; x_wconf 89' lang='lat' dir='ltr'><strong>tam</strong></span> <span class='ocrx_word' id='word_1_40' title='bbox 1027 1199 1189 1273; x_wconf 89' lang='lat' dir='ltr'><strong>imperator</strong></span> <span class='ocrx_word' id='word_1_41' title='bbox 1211 1214 1299 1273; x_wconf 89' lang='lat' dir='ltr'><strong>quam</strong></span> <span class='ocrx_word' id='word_1_42' title='bbox 1322 1195 1371 1272; x_wconf 91' lang='lat' dir='ltr'><strong>qni</strong></span> 
     </span>
     <span class='ocr_line' id='line_1_6' title="bbox 63 1297 1371 1376; baseline 0.004 -26"><span class='ocrx_word' id='word_1_43' title='bbox 63 1297 147 1354; x_wconf 84' lang='lat' dir='ltr'><strong>sortito</strong></span> <span class='ocrx_word' id='word_1_44' title='bbox 168 1297 336 1374; x_wconf 82' lang='lat' dir='ltr'><strong>provincias</strong></span> <span class='ocrx_word' id='word_1_45' title='bbox 359 1311 464 1374; x_wconf 83' lang='lat' dir='ltr'><strong>regunt</strong></span> <span class='ocrx_word' id='word_1_46' title='bbox 482 1301 668 1376; x_wconf 80' lang='lat' dir='ltr'><strong>proconsules</strong></span> <span class='ocrx_word' id='word_1_47' title='bbox 695 1299 831 1360; x_wconf 86' lang='lat' dir='ltr'><strong>dicuutur</strong></span> <span class='ocrx_word' id='word_1_48' title='bbox 857 1309 1035 1372; x_wconf 77' lang='lat' dir='ltr'><strong>constanter,</strong></span> <span class='ocrx_word' id='word_1_49' title='bbox 1063 1319 1121 1358; x_wconf 90' lang='lat' dir='ltr'><strong>non</strong></span> <span class='ocrx_word' id='word_1_50' title='bbox 1150 1297 1371 1374; x_wconf 87' lang='lat' dir='ltr'><strong>proconsularis</strong></span> 
     </span>
     <span class='ocr_line' id='line_1_7' title="bbox 60 1397 1372 1479; baseline 0.003 -27"><span class='ocrx_word' id='word_1_51' title='bbox 60 1399 204 1472; x_wconf 88' lang='lat' dir='ltr'><strong>potestatis.</strong></span> <span class='ocrx_word' id='word_1_52' title='bbox 244 1397 366 1458; x_wconf 84' lang='lat' dir='ltr'><strong>Scilicet</strong></span> <span class='ocrx_word' id='word_1_53' title='bbox 388 1402 417 1458; x_wconf 93' lang='lat' dir='ltr'><strong>iu</strong></span> <span class='ocrx_word' id='word_1_54' title='bbox 441 1401 648 1476; x_wconf 72' lang='lat' dir='ltr'><strong>proconsulari</strong></span> <span class='ocrx_word' id='word_1_55' title='bbox 669 1403 794 1479; x_wconf 89' lang='lat' dir='ltr'><strong>imperio</strong></span> <span class='ocrx_word' id='word_1_56' title='bbox 810 1412 994 1479; x_wconf 78' lang='lat' dir='ltr'><strong>potestateve</strong></span> <span class='ocrx_word' id='word_1_57' title='bbox 1008 1401 1212 1479; x_wconf 85' lang='lat' dir='ltr'><strong>proconsulari</strong></span> <span class='ocrx_word' id='word_1_58' title='bbox 1228 1417 1372 1478; x_wconf 82' lang='lat' dir='ltr'><strong>perversa</strong></span> 
     </span>
     <span class='ocr_line' id='line_1_8' title="bbox 62 1501 1371 1583; baseline 0.002 -28"><span class='ocrx_word' id='word_1_59' title='bbox 62 1501 173 1558; x_wconf 88' lang='lat' dir='ltr'><strong>eiusdem</strong></span> <span class='ocrx_word' id='word_1_60' title='bbox 202 1505 343 1560; x_wconf 86' lang='lat' dir='ltr'><strong>momenti</strong></span> <span class='ocrx_word' id='word_1_61' title='bbox 371 1503 535 1580; x_wconf 86' lang='lat' dir='ltr'><strong>duplicatio</strong></span> <span class='ocrx_word' id='word_1_62' title='bbox 563 1505 696 1562; x_wconf 85' lang='lat' dir='ltr'><strong>offendit.</strong></span> <span class='ocrx_word' id='word_1_63' title='bbox 747 1504 816 1564; x_wconf 92' lang='lat' dir='ltr'><strong>Nou</strong></span> <span class='ocrx_word' id='word_1_64' title='bbox 847 1525 923 1583; x_wconf 85' lang='lat' dir='ltr'><strong>nego</strong></span> <span class='ocrx_word' id='word_1_65' title='bbox 948 1505 978 1562; x_wconf 94' lang='lat' dir='ltr'><strong>in</strong></span> <span class='ocrx_word' id='word_1_66' title='bbox 1008 1503 1197 1581; x_wconf 86' lang='lat' dir='ltr'><strong>proconsulis</strong></span> <span class='ocrx_word' id='word_1_67' title='bbox 1228 1502 1371 1562; x_wconf 82' lang='lat' dir='ltr'><strong>vocabulo</strong></span> 
     </span>
     <span class='ocr_line' id='line_1_9' title="bbox 62 1601 1372 1680; baseline 0.005 -25"><span class='ocrx_word' id='word_1_68' title='bbox 62 1601 184 1661; x_wconf 80' lang='lat' dir='ltr'><strong>ricarium</strong></span> <span class='ocrx_word' id='word_1_69' title='bbox 207 1603 455 1680; x_wconf 86' lang='lat' dir='ltr'><strong>significationem</strong></span> <span class='ocrx_word' id='word_1_70' title='bbox 478 1615 592 1666; x_wconf 90' lang='lat' dir='ltr'><strong>mature</strong></span> <span class='ocrx_word' id='word_1_71' title='bbox 615 1605 815 1665; x_wconf 85' lang='lat' dir='ltr'><strong>oblitteratam</strong></span> <span class='ocrx_word' id='word_1_72' title='bbox 839 1625 906 1666; x_wconf 90' lang='lat' dir='ltr'><strong>esse</strong></span> <span class='ocrx_word' id='word_1_73' title='bbox 928 1625 982 1665; x_wconf 91' lang='lat' dir='ltr'><strong>nec</strong></span> <span class='ocrx_word' id='word_1_74' title='bbox 1010 1607 1143 1678; x_wconf 90' lang='lat' dir='ltr'><strong>mirarer,</strong></span> <span class='ocrx_word' id='word_1_75' title='bbox 1174 1607 1199 1664; x_wconf 91' lang='lat' dir='ltr'><strong>si</strong></span> <span class='ocrx_word' id='word_1_76' title='bbox 1225 1605 1275 1680; x_wconf 93' lang='lat' dir='ltr'><strong>qui</strong></span> <span class='ocrx_word' id='word_1_77' title='bbox 1303 1606 1372 1662; x_wconf 92' lang='lat' dir='ltr'><strong>titu-</strong></span> 
     </span>
     <span class='ocr_line' id='line_1_10' title="bbox 61 1703 1372 1786; baseline 0.004 -27"><span class='ocrx_word' id='word_1_78' title='bbox 61 1703 97 1761; x_wconf 85' lang='lat' dir='ltr'><strong>lus</strong></span> <span class='ocrx_word' id='word_1_79' title='bbox 122 1706 205 1764; x_wconf 90' lang='lat' dir='ltr'><strong>nobis</strong></span> <span class='ocrx_word' id='word_1_80' title='bbox 233 1717 453 1782; x_wconf 89' lang='lat' dir='ltr'><strong>procuratorem</strong></span> <span class='ocrx_word' id='word_1_81' title='bbox 482 1710 647 1767; x_wconf 90' lang='lat' dir='ltr'><strong>nominaret</strong></span> <span class='ocrx_word' id='word_1_82' title='bbox 672 1709 896 1784; x_wconf 88' lang='lat' dir='ltr'><strong>proconsularis</strong></span> <span class='ocrx_word' id='word_1_83' title='bbox 930 1709 1105 1786; x_wconf 90' lang='lat' dir='ltr'><strong>potestatis;</strong></span> <span class='ocrx_word' id='word_1_84' title='bbox 1139 1709 1192 1766; x_wconf 91' lang='lat' dir='ltr'><strong>sed</strong></span> <span class='ocrx_word' id='word_1_85' title='bbox 1225 1707 1372 1765; x_wconf 88' lang='lat' dir='ltr'><strong>eiusmodi</strong></span> 
     </span>
     <span class='ocr_line' id='line_1_11' title="bbox 60 1804 1371 1888; baseline 0.004 -28"><span class='ocrx_word' id='word_1_86' title='bbox 60 1804 199 1866; x_wconf 78' lang='lat' dir='ltr'><strong>locuu&#39;ouis</strong></span> <span class='ocrx_word' id='word_1_87' title='bbox 222 1829 316 1885; x_wconf 87' lang='lat' dir='ltr'><strong>nequa</strong></span> <span class='ocrx_word' id='word_1_88' title='bbox 339 1809 527 1869; x_wconf 83' lang='lat' dir='ltr'><strong>Burmannus</strong></span> <span class='ocrx_word' id='word_1_89' title='bbox 550 1811 719 1887; x_wconf 80' lang='lat' dir='ltr'><strong>exemplum</strong></span> <span class='ocrx_word' id='word_1_90' title='bbox 743 1811 1041 1888; x_wconf 85' lang='lat' dir='ltr'><strong>alterum‘adlegavit</strong></span> <span class='ocrx_word' id='word_1_91' title='bbox 1063 1830 1158 1886; x_wconf 90' lang='lat' dir='ltr'><strong>neque</strong></span> <span class='ocrx_word' id='word_1_92' title='bbox 1184 1809 1283 1866; x_wconf 86' lang='lat' dir='ltr'><strong>inveni</strong></span> <span class='ocrx_word' id='word_1_93' title='bbox 1306 1827 1371 1884; x_wconf 88' lang='lat' dir='ltr'><strong>eg0,</strong></span> 
     </span>
     <span class='ocr_line' id='line_1_12' title="bbox 61 1909 1149 1989; baseline 0.005 -25"><span class='ocrx_word' id='word_1_94' title='bbox 61 1927 103 1964; x_wconf 88' lang='lat' dir='ltr'><strong>nec</strong></span> <span class='ocrx_word' id='word_1_95' title='bbox 122 1909 223 1968; x_wconf 85' lang='lat' dir='ltr'><strong>leviter</strong></span> <span class='ocrx_word' id='word_1_96' title='bbox 244 1911 429 1989; x_wconf 85' lang='lat' dir='ltr'><strong>neglegenda</strong></span> <span class='ocrx_word' id='word_1_97' title='bbox 450 1923 495 1971; x_wconf 90' lang='lat' dir='ltr'><strong>est</strong></span> <span class='ocrx_word' id='word_1_98' title='bbox 516 1921 613 1972; x_wconf 83' lang='lat' dir='ltr'><strong>aetate</strong></span> <span class='ocrx_word' id='word_1_99' title='bbox 635 1911 770 1970; x_wconf 88' lang='lat' dir='ltr'><strong>Traiana</strong></span> <span class='ocrx_word' id='word_1_100' title='bbox 792 1913 948 1971; x_wconf 90' lang='lat' dir='ltr'><strong>verborum</strong></span> <span class='ocrx_word' id='word_1_101' title='bbox 970 1913 1149 1989; x_wconf 87' lang='lat' dir='ltr'><strong>proprietas.</strong></span> 
     </span>
    </p>

    <p class='ocr_par' dir='ltr' id='par_1_3' title="bbox 60 2013 1372 2290">
     <span class='ocr_line' id='line_1_13' title="bbox 128 2013 1371 2093; baseline 0.003 -25"><span class='ocrx_word' id='word_1_102' title='bbox 128 2013 174 2070; x_wconf 84' lang='lat' dir='ltr'><strong>Ad</strong></span> <span class='ocrx_word' id='word_1_103' title='bbox 202 2013 301 2089; x_wconf 89' lang='lat' dir='ltr'><strong>spatia</strong></span> <span class='ocrx_word' id='word_1_104' title='bbox 327 2034 446 2093; x_wconf 90' lang='lat' dir='ltr'><strong>quoquc</strong></span> <span class='ocrx_word' id='word_1_105' title='bbox 475 2035 550 2092; x_wconf 88' lang='lat' dir='ltr'><strong>quae</strong></span> <span class='ocrx_word' id='word_1_106' title='bbox 578 2023 686 2074; x_wconf 84' lang='lat' dir='ltr'><strong>vacant</strong></span> <span class='ocrx_word' id='word_1_107' title='bbox 717 2015 905 2074; x_wconf 89' lang='lat' dir='ltr'><strong>Burmannus</strong></span> <span class='ocrx_word' id='word_1_108' title='bbox 934 2033 994 2074; x_wconf 91' lang='lat' dir='ltr'><strong>non</strong></span> <span class='ocrx_word' id='word_1_109' title='bbox 1023 2015 1096 2074; x_wconf 85' lang='lat' dir='ltr'><strong>satis</strong></span> <span class='ocrx_word' id='word_1_110' title='bbox 1128 2013 1268 2084; x_wconf 88' lang='lat' dir='ltr'><strong>attendit;</strong></span> <span class='ocrx_word' id='word_1_111' title='bbox 1303 2033 1371 2072; x_wconf 88' lang='lat' dir='ltr'><strong>nam</strong></span> 
     </span>
     <span class='ocr_line' id='line_1_14' title="bbox 60 2112 1372 2194; baseline 0.003 -24"><span class='ocrx_word' id='word_1_112' title='bbox 60 2130 122 2186; x_wconf 88' lang='lat' dir='ltr'><strong>quaa</strong></span> <span class='ocrx_word' id='word_1_113' title='bbox 142 2112 256 2173; x_wconf 86' lang='lat' dir='ltr'><strong>addidit</strong></span> <span class='ocrx_word' id='word_1_114' title='bbox 276 2116 422 2176; x_wconf 88' lang='lat' dir='ltr'><strong>elementa</strong></span> <span class='ocrx_word' id='word_1_115' title='bbox 444 2118 480 2175; x_wconf 93' lang='lat' dir='ltr'><strong>ad</strong></span> <span class='ocrx_word' id='word_1_116' title='bbox 502 2115 660 2178; x_wconf 88' lang='lat' dir='ltr'><strong>Comensis</strong></span> <span class='ocrx_word' id='word_1_117' title='bbox 681 2118 790 2194; x_wconf 91' lang='lat' dir='ltr'><strong>lapidis</strong></span> <span class='ocrx_word' id='word_1_118' title='bbox 813 2118 875 2176; x_wconf 82' lang='lat' dir='ltr'><strong>v.2</strong></span> <span class='ocrx_word' id='word_1_119' title='bbox 900 2125 928 2176; x_wconf 86' lang='lat' dir='ltr'><strong>et</strong></span> <span class='ocrx_word' id='word_1_120' title='bbox 951 2119 983 2190; x_wconf 88' lang='lat'><strong>4,</strong></span> <span class='ocrx_word' id='word_1_121' title='bbox 1011 2117 1118 2176; x_wconf 89' lang='lat' dir='ltr'><strong>iustum</strong></span> <span class='ocrx_word' id='word_1_122' title='bbox 1140 2135 1295 2174; x_wconf 89' lang='lat' dir='ltr'><strong>numerum</strong></span> <span class='ocrx_word' id='word_1_123' title='bbox 1318 2117 1372 2174; x_wconf 89' lang='lat' dir='ltr'><strong>ali-</strong></span> 
     </span>
     <span class='ocr_line' id='line_1_15' title="bbox 61 2219 364 2290; baseline 0.02 -18"><span class='ocrx_word' id='word_1_124' title='bbox 61 2225 187 2290; x_wconf 88' lang='lat' dir='ltr'><strong>quantum</strong></span> <span class='ocrx_word' id='word_1_125' title='bbox 210 2219 364 2279; x_wconf 82' lang='lat' dir='ltr'><strong>excedunt.</strong></span> 
     </span>
    </p>

    <p class='ocr_par' dir='ltr' id='par_1_4' title="bbox 60 2318 1376 3828">
     <span class='ocr_line' id='line_1_16' title="bbox 129 2318 1372 2398; baseline 0.003 -22"><span class='ocrx_word' id='word_1_126' title='bbox 129 2318 265 2396; x_wconf 86' lang='lat' dir='ltr'><strong>Denique</strong></span> <span class='ocrx_word' id='word_1_127' title='bbox 287 2323 411 2381; x_wconf 87' lang='lat' dir='ltr'><strong>offendit</strong></span> <span class='ocrx_word' id='word_1_128' title='bbox 434 2323 544 2398; x_wconf 72' lang='lat' dir='ltr'><strong>Iapetus</strong></span> <span class='ocrx_word' id='word_1_129' title='bbox 567 2343 600 2381; x_wconf 78' lang='lat' dir='ltr'><strong>aa</strong></span> <span class='ocrx_word' id='word_1_130' title='bbox 621 2343 643 2382; x_wconf 86' lang='lat' dir='ltr'><strong>a.</strong></span> <span class='ocrx_word' id='word_1_131' title='bbox 668 2343 691 2383; x_wconf 88' lang='lat' dir='ltr'><strong>o.</strong></span> <span class='ocrx_word' id='word_1_132' title='bbox 715 2333 829 2383; x_wconf 83' lang='lat' dir='ltr'><strong>auctore</strong></span> <span class='ocrx_word' id='word_1_133' title='bbox 855 2323 981 2380; x_wconf 84' lang='lat' dir='ltr'><strong>Traiano</strong></span> <span class='ocrx_word' id='word_1_134' title='bbox 1009 2326 1038 2380; x_wconf 83' lang='lat' dir='ltr'><strong>in</strong></span> <span class='ocrx_word' id='word_1_135' title='bbox 1060 2325 1239 2398; x_wconf 69' lang='lat' dir='ltr'><strong>procinctam</strong></span> <span class='ocrx_word' id='word_1_136' title='bbox 1260 2325 1372 2380; x_wconf 78' lang='lat' dir='ltr'><strong>missua.</strong></span> 
     </span>
     <span class='ocr_line' id='line_1_17' title="bbox 60 2416 1373 2502; baseline 0.006 -28"><span class='ocrx_word' id='word_1_137' title='bbox 60 2416 117 2478; x_wconf 75' lang='lat' dir='ltr'><strong>Non</strong></span> <span class='ocrx_word' id='word_1_138' title='bbox 136 2421 298 2482; x_wconf 84' lang='lat' dir='ltr'><strong>offenderet</strong></span> <span class='ocrx_word' id='word_1_139' title='bbox 319 2443 498 2502; x_wconf 87' lang='lat' dir='ltr'><strong>magnopere</strong></span> <span class='ocrx_word' id='word_1_140' title='bbox 520 2425 682 2484; x_wconf 89' lang='lat' dir='ltr'><strong>cumulatio</strong></span> <span class='ocrx_word' id='word_1_141' title='bbox 705 2427 829 2484; x_wconf 89' lang='lat' dir='ltr'><strong>duorum</strong></span> <span class='ocrx_word' id='word_1_142' title='bbox 852 2425 1016 2484; x_wconf 85' lang='lat' dir='ltr'><strong>officiorum</strong></span> <span class='ocrx_word' id='word_1_143' title='bbox 1045 2425 1182 2501; x_wconf 87' lang='lat' dir='ltr'><strong>idemque</strong></span> <span class='ocrx_word' id='word_1_144' title='bbox 1205 2425 1249 2482; x_wconf 88' lang='lat' dir='ltr'><strong>vir</strong></span> <span class='ocrx_word' id='word_1_145' title='bbox 1278 2424 1373 2482; x_wconf 88' lang='lat' dir='ltr'><strong>dictus</strong></span> 
     </span>
     <span class='ocr_line' id='line_1_18' title="bbox 60 2526 1374 2606; baseline 0.003 -28"><span class='ocrx_word' id='word_1_146' title='bbox 60 2534 84 2578; x_wconf 92' lang='lat' dir='ltr'><strong>et</strong></span> <span class='ocrx_word' id='word_1_147' title='bbox 100 2527 255 2598; x_wconf 88' lang='lat' dir='ltr'><strong>proconsul</strong></span> <span class='ocrx_word' id='word_1_148' title='bbox 278 2528 449 2602; x_wconf 87' lang='lat' dir='ltr'><strong>provinciae</strong></span> <span class='ocrx_word' id='word_1_149' title='bbox 471 2539 500 2585; x_wconf 90' lang='lat' dir='ltr'><strong>et</strong></span> <span class='ocrx_word' id='word_1_150' title='bbox 521 2529 638 2604; x_wconf 85' lang='lat' dir='ltr'><strong>legatus</strong></span> <span class='ocrx_word' id='word_1_151' title='bbox 662 2529 849 2606; x_wconf 90' lang='lat' dir='ltr'><strong>imperatoris</strong></span> <span class='ocrx_word' id='word_1_152' title='bbox 878 2527 1049 2604; x_wconf 90' lang='lat' dir='ltr'><strong>provinciae</strong></span> <span class='ocrx_word' id='word_1_153' title='bbox 1076 2527 1223 2598; x_wconf 89' lang='lat' dir='ltr'><strong>eiusdem;</strong></span> <span class='ocrx_word' id='word_1_154' title='bbox 1251 2526 1304 2584; x_wconf 88' lang='lat' dir='ltr'><strong>sed</strong></span> <span class='ocrx_word' id='word_1_155' title='bbox 1331 2527 1374 2584; x_wconf 90' lang='lat' dir='ltr'><strong>ita</strong></span> 
     </span>
     <span class='ocr_line' id='line_1_19' title="bbox 61 2625 1373 2704; baseline 0.003 -24"><span class='ocrx_word' id='word_1_156' title='bbox 61 2625 140 2702; x_wconf 85' lang='lat' dir='ltr'><strong>accipi</strong></span> <span class='ocrx_word' id='word_1_157' title='bbox 161 2639 310 2704; x_wconf 89' lang='lat' dir='ltr'><strong>nequeunt</strong></span> <span class='ocrx_word' id='word_1_158' title='bbox 331 2630 431 2702; x_wconf 89' lang='lat' dir='ltr'><strong>verba,</strong></span> <span class='ocrx_word' id='word_1_159' title='bbox 455 2639 486 2688; x_wconf 87' lang='lat' dir='ltr'><strong>ut</strong></span> <span class='ocrx_word' id='word_1_160' title='bbox 502 2629 690 2690; x_wconf 85' lang='lat' dir='ltr'><strong>Burmannus</strong></span> <span class='ocrx_word' id='word_1_161' title='bbox 713 2651 748 2690; x_wconf 93' lang='lat' dir='ltr'><strong>ea</strong></span> <span class='ocrx_word' id='word_1_162' title='bbox 768 2629 931 2702; x_wconf 88' lang='lat' dir='ltr'><strong>constituit,</strong></span> <span class='ocrx_word' id='word_1_163' title='bbox 954 2647 1049 2704; x_wconf 88' lang='lat' dir='ltr'><strong>neque</strong></span> <span class='ocrx_word' id='word_1_164' title='bbox 1072 2629 1121 2704; x_wconf 90' lang='lat' dir='ltr'><strong>qui</strong></span> <span class='ocrx_word' id='word_1_165' title='bbox 1145 2629 1262 2686; x_wconf 85' lang='lat' dir='ltr'><strong>titulum</strong></span> <span class='ocrx_word' id='word_1_166' title='bbox 1282 2627 1373 2685; x_wconf 90' lang='lat' dir='ltr'><strong>dicta-</strong></span> 
     </span>
     <span class='ocr_line' id='line_1_20' title="bbox 61 2730 1374 2804; baseline 0.005 -23"><span class='ocrx_word' id='word_1_167' title='bbox 61 2737 150 2784; x_wconf 75' lang='lat' dir='ltr'><strong>verunt</strong></span> <span class='ocrx_word' id='word_1_168' title='bbox 171 2730 195 2788; x_wconf 88' lang='lat' dir='ltr'><strong>si</strong></span> <span class='ocrx_word' id='word_1_169' title='bbox 218 2731 247 2787; x_wconf 91' lang='lat' dir='ltr'><strong>in</strong></span> <span class='ocrx_word' id='word_1_170' title='bbox 264 2751 300 2790; x_wconf 91' lang='lat' dir='ltr'><strong>ea</strong></span> <span class='ocrx_word' id='word_1_171' title='bbox 314 2731 512 2790; x_wconf 86' lang='lat' dir='ltr'><strong>cumulatione</strong></span> <span class='ocrx_word' id='word_1_172' title='bbox 535 2751 568 2791; x_wconf 88' lang='lat' dir='ltr'><strong>se</strong></span> <span class='ocrx_word' id='word_1_173' title='bbox 590 2733 814 2804; x_wconf 86' lang='lat' dir='ltr'><strong>continuissent,</strong></span> <span class='ocrx_word' id='word_1_174' title='bbox 838 2749 930 2790; x_wconf 88' lang='lat' dir='ltr'><strong>causa</strong></span> <span class='ocrx_word' id='word_1_175' title='bbox 952 2741 1024 2802; x_wconf 88' lang='lat' dir='ltr'><strong>erat,</strong></span> <span class='ocrx_word' id='word_1_176' title='bbox 1047 2749 1098 2788; x_wconf 90' lang='lat' dir='ltr'><strong>cur</strong></span> <span class='ocrx_word' id='word_1_177' title='bbox 1113 2731 1203 2788; x_wconf 80' lang='lat' dir='ltr'><strong>verba</strong></span> <span class='ocrx_word' id='word_1_178' title='bbox 1218 2731 1323 2788; x_wconf 85' lang='lat' dir='ltr'><strong>fierent</strong></span> <span class='ocrx_word' id='word_1_179' title='bbox 1337 2730 1374 2788; x_wconf 87' lang='lat' dir='ltr'><strong>de</strong></span> 
     </span>
     <span class='ocr_line' id='line_1_21' title="bbox 62 2831 1375 2914; baseline 0.004 -30"><span class='ocrx_word' id='word_1_180' title='bbox 62 2841 167 2891; x_wconf 86' lang='lat' dir='ltr'><strong>senatus</strong></span> <span class='ocrx_word' id='word_1_181' title='bbox 194 2834 330 2892; x_wconf 90' lang='lat' dir='ltr'><strong>consulto</strong></span> <span class='ocrx_word' id='word_1_182' title='bbox 362 2845 392 2892; x_wconf 91' lang='lat' dir='ltr'><strong>et</strong></span> <span class='ocrx_word' id='word_1_183' title='bbox 423 2835 612 2914; x_wconf 88' lang='lat' dir='ltr'><strong>imperatoris</strong></span> <span class='ocrx_word' id='word_1_184' title='bbox 639 2835 822 2893; x_wconf 88' lang='lat' dir='ltr'><strong>auctoritate.</strong></span> <span class='ocrx_word' id='word_1_185' title='bbox 878 2833 940 2892; x_wconf 90' lang='lat' dir='ltr'><strong>Pro</strong></span> <span class='ocrx_word' id='word_1_186' title='bbox 966 2853 1023 2892; x_wconf 90' lang='lat' dir='ltr'><strong>una</strong></span> <span class='ocrx_word' id='word_1_187' title='bbox 1051 2833 1198 2891; x_wconf 85' lang='lat' dir='ltr'><strong>sententia</strong></span> <span class='ocrx_word' id='word_1_188' title='bbox 1226 2832 1275 2890; x_wconf 87' lang='lat' dir='ltr'><strong>ubi</strong></span> <span class='ocrx_word' id='word_1_189' title='bbox 1301 2831 1375 2889; x_wconf 89' lang='lat' dir='ltr'><strong>haec</strong></span> 
     </span>
     <span class='ocr_line' id='line_1_22' title="bbox 63 2933 1375 3013; baseline 0.004 -27"><span class='ocrx_word' id='word_1_190' title='bbox 63 2933 222 3010; x_wconf 87' lang='lat' dir='ltr'><strong>accipimus,</strong></span> <span class='ocrx_word' id='word_1_191' title='bbox 249 2955 285 2994; x_wconf 90' lang='lat' dir='ltr'><strong>ea</strong></span> <span class='ocrx_word' id='word_1_192' title='bbox 306 2955 448 3012; x_wconf 88' lang='lat' dir='ltr'><strong>perversa</strong></span> <span class='ocrx_word' id='word_1_193' title='bbox 469 2949 522 2996; x_wconf 86' lang='lat' dir='ltr'><strong>cst.</strong></span> <span class='ocrx_word' id='word_1_194' title='bbox 572 2937 651 2996; x_wconf 86' lang='lat' dir='ltr'><strong>Mitti</strong></span> <span class='ocrx_word' id='word_1_195' title='bbox 672 2945 772 3013; x_wconf 90' lang='lat' dir='ltr'><strong>potest</strong></span> <span class='ocrx_word' id='word_1_196' title='bbox 794 2937 956 3012; x_wconf 89' lang='lat' dir='ltr'><strong>proconsul</strong></span> <span class='ocrx_word' id='word_1_197' title='bbox 978 2936 1153 2994; x_wconf 87' lang='lat' dir='ltr'><strong>auctoritate</strong></span> <span class='ocrx_word' id='word_1_198' title='bbox 1180 2934 1310 3010; x_wconf 84' lang='lat' dir='ltr'><strong>Augusti</strong></span> <span class='ocrx_word' id='word_1_199' title='bbox 1337 2953 1375 2991; x_wconf 91' lang='lat' dir='ltr'><strong>ex</strong></span> 
     </span>
     <span class='ocr_line' id='line_1_23' title="bbox 63 3036 1374 3116; baseline 0.003 -26"><span class='ocrx_word' id='word_1_200' title='bbox 63 3047 169 3096; x_wconf 88' lang='lat' dir='ltr'><strong>senatus</strong></span> <span class='ocrx_word' id='word_1_201' title='bbox 195 3038 344 3110; x_wconf 91' lang='lat' dir='ltr'><strong>consulto,</strong></span> <span class='ocrx_word' id='word_1_202' title='bbox 372 3049 403 3098; x_wconf 89' lang='lat' dir='ltr'><strong>ut</strong></span> <span class='ocrx_word' id='word_1_203' title='bbox 430 3039 465 3097; x_wconf 92' lang='lat' dir='ltr'><strong>P.</strong></span> <span class='ocrx_word' id='word_1_204' title='bbox 488 3039 623 3116; x_wconf 91' lang='lat' dir='ltr'><strong>Paquius</strong></span> <span class='ocrx_word' id='word_1_205' title='bbox 647 3037 762 3100; x_wconf 84' lang='lat' dir='ltr'><strong>Scaeva</strong></span> <span class='ocrx_word' id='word_1_206' title='bbox 783 3037 868 3114; x_wconf 88' lang='lat' dir='ltr'><strong>(c.1.</strong></span> <span class='ocrx_word' id='word_1_207' title='bbox 881 3037 917 3096; x_wconf 92' lang='lat' dir='ltr'><strong>L.</strong></span> <span class='ocrx_word' id='word_1_208' title='bbox 941 3037 1002 3110; x_wconf 89' lang='lat' dir='ltr'><strong>IX,</strong></span> <span class='ocrx_word' id='word_1_209' title='bbox 1028 3036 1139 3112; x_wconf 79' lang='lat'>2845);</span> <span class='ocrx_word' id='word_1_210' title='bbox 1168 3037 1221 3094; x_wconf 87' lang='lat' dir='ltr'><strong>sed</strong></span> <span class='ocrx_word' id='word_1_211' title='bbox 1243 3037 1374 3113; x_wconf 84' lang='lat' dir='ltr'><strong>legatum</strong></span> 
     </span>
     <span class='ocr_line' id='line_1_24' title="bbox 61 3137 1375 3218; baseline 0.002 -25"><span class='ocrx_word' id='word_1_212' title='bbox 61 3137 102 3196; x_wconf 91' lang='lat' dir='ltr'><strong>ubi</strong></span> <span class='ocrx_word' id='word_1_213' title='bbox 122 3139 207 3198; x_wconf 88' lang='lat' dir='ltr'><strong>mittit</strong></span> <span class='ocrx_word' id='word_1_214' title='bbox 229 3153 351 3199; x_wconf 86' lang='lat' dir='ltr'><strong>senatus</strong></span> <span class='ocrx_word' id='word_1_215' title='bbox 373 3140 444 3199; x_wconf 88' lang='lat' dir='ltr'><strong>licet</strong></span> <span class='ocrx_word' id='word_1_216' title='bbox 465 3151 584 3202; x_wconf 89' lang='lat' dir='ltr'><strong>auctore</strong></span> <span class='ocrx_word' id='word_1_217' title='bbox 600 3145 748 3218; x_wconf 81' lang='lat' dir='ltr'><strong>Augusto,</strong></span> <span class='ocrx_word' id='word_1_218' title='bbox 770 3141 928 3216; x_wconf 88' lang='lat' dir='ltr'><strong>imperium</strong></span> <span class='ocrx_word' id='word_1_219' title='bbox 950 3139 1079 3199; x_wconf 90' lang='lat' dir='ltr'><strong>militare</strong></span> <span class='ocrx_word' id='word_1_220' title='bbox 1098 3138 1154 3197; x_wconf 90' lang='lat' dir='ltr'><strong>sibi</strong></span> <span class='ocrx_word' id='word_1_221' title='bbox 1175 3139 1317 3210; x_wconf 88' lang='lat' dir='ltr'><strong>vindicat,</strong></span> <span class='ocrx_word' id='word_1_222' title='bbox 1345 3139 1375 3196; x_wconf 92' lang='lat' dir='ltr'><strong>id</strong></span> 
     </span>
     <span class='ocr_line' id='line_1_25' title="bbox 61 3242 1376 3320; baseline 0.002 -25"><span class='ocrx_word' id='word_1_223' title='bbox 61 3249 99 3296; x_wconf 89' lang='lat' dir='ltr'><strong>est</strong></span> <span class='ocrx_word' id='word_1_224' title='bbox 125 3261 183 3300; x_wconf 90' lang='lat' dir='ltr'><strong>rem</strong></span> <span class='ocrx_word' id='word_1_225' title='bbox 210 3242 359 3318; x_wconf 88' lang='lat' dir='ltr'><strong>publicam</strong></span> <span class='ocrx_word' id='word_1_226' title='bbox 385 3262 462 3319; x_wconf 88' lang='lat' dir='ltr'><strong>quae</strong></span> <span class='ocrx_word' id='word_1_227' title='bbox 487 3251 548 3302; x_wconf 88' lang='lat' dir='ltr'><strong>tum</strong></span> <span class='ocrx_word' id='word_1_228' title='bbox 575 3244 631 3302; x_wconf 84' lang='lat' dir='ltr'><strong>suit</strong></span> <span class='ocrx_word' id='word_1_229' title='bbox 656 3243 769 3302; x_wconf 90' lang='lat' dir='ltr'><strong>evertit.</strong></span> <span class='ocrx_word' id='word_1_230' title='bbox 823 3243 887 3320; x_wconf 92' lang='lat' dir='ltr'><strong>Ipsi</strong></span> <span class='ocrx_word' id='word_1_231' title='bbox 914 3243 1098 3314; x_wconf 91' lang='lat' dir='ltr'><strong>Bormanno,</strong></span> <span class='ocrx_word' id='word_1_232' title='bbox 1133 3258 1209 3316; x_wconf 90' lang='lat' dir='ltr'><strong>quae</strong></span> <span class='ocrx_word' id='word_1_233' title='bbox 1237 3242 1300 3299; x_wconf 89' lang='lat' dir='ltr'><strong>eius</strong></span> <span class='ocrx_word' id='word_1_234' title='bbox 1330 3249 1376 3297; x_wconf 90' lang='lat' dir='ltr'><strong>est</strong></span> 
     </span>
     <span class='ocr_line' id='line_1_26' title="bbox 62 3343 1375 3422; baseline 0.002 -24"><span class='ocrx_word' id='word_1_235' title='bbox 62 3343 212 3416; x_wconf 86' lang='lat' dir='ltr'><strong>prudentia,</strong></span> <span class='ocrx_word' id='word_1_236' title='bbox 235 3365 293 3404; x_wconf 90' lang='lat' dir='ltr'><strong>nou</strong></span> <span class='ocrx_word' id='word_1_237' title='bbox 317 3346 420 3404; x_wconf 88' lang='lat' dir='ltr'><strong>dubito</strong></span> <span class='ocrx_word' id='word_1_238' title='bbox 443 3347 518 3404; x_wconf 90' lang='lat' dir='ltr'><strong>hanc</strong></span> <span class='ocrx_word' id='word_1_239' title='bbox 540 3347 756 3405; x_wconf 89' lang='lat' dir='ltr'><strong>restitutionem</strong></span> <span class='ocrx_word' id='word_1_240' title='bbox 780 3345 994 3422; x_wconf 89' lang='lat' dir='ltr'><strong>displicituram</strong></span> <span class='ocrx_word' id='word_1_241' title='bbox 1017 3361 1085 3402; x_wconf 87' lang='lat' dir='ltr'><strong>esse</strong></span> <span class='ocrx_word' id='word_1_242' title='bbox 1106 3353 1135 3400; x_wconf 91' lang='lat' dir='ltr'><strong>et</strong></span> <span class='ocrx_word' id='word_1_243' title='bbox 1154 3344 1274 3400; x_wconf 90' lang='lat' dir='ltr'><strong>omnino</strong></span> <span class='ocrx_word' id='word_1_244' title='bbox 1289 3362 1375 3418; x_wconf 87' lang='lat' dir='ltr'><strong>prac-</strong></span> 
     </span>
     <span class='ocr_line' id='line_1_27' title="bbox 61 3441 1375 3526; baseline 0.002 -28"><span class='ocrx_word' id='word_1_245' title='bbox 61 3441 213 3518; x_wconf 88' lang='lat' dir='ltr'><strong>lerendnm,</strong></span> <span class='ocrx_word' id='word_1_246' title='bbox 245 3448 325 3523; x_wconf 89' lang='lat' dir='ltr'><strong>quod</strong></span> <span class='ocrx_word' id='word_1_247' title='bbox 352 3449 438 3523; x_wconf 89' lang='lat' dir='ltr'><strong>posui</strong></span> <span class='ocrx_word' id='word_1_248' title='bbox 466 3466 535 3526; x_wconf 84' lang='lat' dir='ltr'><strong>ego,</strong></span> <span class='ocrx_word' id='word_1_249' title='bbox 567 3449 697 3525; x_wconf 84' lang='lat' dir='ltr'><strong>legatum</strong></span> <span class='ocrx_word' id='word_1_250' title='bbox 724 3448 799 3506; x_wconf 89' lang='lat' dir='ltr'><strong>mitti</strong></span> <span class='ocrx_word' id='word_1_251' title='bbox 826 3449 863 3505; x_wconf 88' lang='lat' dir='ltr'><strong>ab</strong></span> <span class='ocrx_word' id='word_1_252' title='bbox 891 3448 1070 3525; x_wconf 90' lang='lat' dir='ltr'><strong>imperatore</strong></span> <span class='ocrx_word' id='word_1_253' title='bbox 1101 3447 1155 3518; x_wconf 89' lang='lat' dir='ltr'><strong>ita,</strong></span> <span class='ocrx_word' id='word_1_254' title='bbox 1189 3453 1221 3502; x_wconf 93' lang='lat' dir='ltr'><strong>ut</strong></span> <span class='ocrx_word' id='word_1_255' title='bbox 1254 3454 1375 3520; x_wconf 90' lang='lat' dir='ltr'><strong>propter</strong></span> 
     </span>
     <span class='ocr_line' id='line_1_28' title="bbox 61 3547 1376 3626; baseline 0.002 -25"><span class='ocrx_word' id='word_1_256' title='bbox 61 3549 286 3608; x_wconf 86' lang='lat' dir='ltr'><strong>extraordinaria</strong></span> <span class='ocrx_word' id='word_1_257' title='bbox 312 3568 390 3626; x_wconf 89' lang='lat' dir='ltr'><strong>quae</strong></span> <span class='ocrx_word' id='word_1_258' title='bbox 416 3551 573 3623; x_wconf 85' lang='lat' dir='ltr'><strong>accedunt,</strong></span> <span class='ocrx_word' id='word_1_259' title='bbox 606 3551 790 3626; x_wconf 87' lang='lat' dir='ltr'><strong>provinciam</strong></span> <span class='ocrx_word' id='word_1_260' title='bbox 819 3549 1000 3609; x_wconf 85' lang='lat' dir='ltr'><strong>senatoriam</strong></span> <span class='ocrx_word' id='word_1_261' title='bbox 1029 3548 1218 3624; x_wconf 91' lang='lat' dir='ltr'><strong>imperatoris</strong></span> <span class='ocrx_word' id='word_1_262' title='bbox 1251 3547 1376 3604; x_wconf 85' lang='lat' dir='ltr'><strong>admini-</strong></span> 
     </span>
     <span class='ocr_line' id='line_1_29' title="bbox 63 3647 1376 3728; baseline 0.002 -25"><span class='ocrx_word' id='word_1_263' title='bbox 63 3650 185 3710; x_wconf 90' lang='lat' dir='ltr'><strong>strationi</strong></span> <span class='ocrx_word' id='word_1_264' title='bbox 211 3651 383 3710; x_wconf 86' lang='lat' dir='ltr'><strong>tradendam</strong></span> <span class='ocrx_word' id='word_1_265' title='bbox 412 3661 441 3711; x_wconf 89' lang='lat' dir='ltr'><strong>et</strong></span> <span class='ocrx_word' id='word_1_266' title='bbox 468 3653 565 3711; x_wconf 82' lang='lat' dir='ltr'><strong>fasces</strong></span> <span class='ocrx_word' id='word_1_267' title='bbox 592 3652 748 3712; x_wconf 90' lang='lat' dir='ltr'><strong>duodecim</strong></span> <span class='ocrx_word' id='word_1_268' title='bbox 781 3670 836 3728; x_wconf 89' lang='lat' dir='ltr'><strong>pro</strong></span> <span class='ocrx_word' id='word_1_269' title='bbox 864 3653 996 3728; x_wconf 91' lang='lat' dir='ltr'><strong>quinque</strong></span> <span class='ocrx_word' id='word_1_270' title='bbox 1026 3651 1125 3728; x_wconf 86' lang='lat' dir='ltr'><strong>legato</strong></span> <span class='ocrx_word' id='word_1_271' title='bbox 1155 3647 1376 3727; x_wconf 87' lang='lat' dir='ltr'><strong>permittendas,</strong></span> 
     </span>
     <span class='ocr_line' id='line_1_30' title="bbox 63 3748 689 3828; baseline 0.013 -24"><span class='ocrx_word' id='word_1_272' title='bbox 63 3748 210 3828; x_wconf 89' lang='lat' dir='ltr'><strong>imperator</strong></span> <span class='ocrx_word' id='word_1_273' title='bbox 232 3762 367 3812; x_wconf 89' lang='lat' dir='ltr'><strong>senatum</strong></span> <span class='ocrx_word' id='word_1_274' title='bbox 390 3763 479 3814; x_wconf 89' lang='lat' dir='ltr'><strong>autea</strong></span> <span class='ocrx_word' id='word_1_275' title='bbox 500 3755 689 3814; x_wconf 89' lang='lat' dir='ltr'><strong>consuluerit.</strong></span> 
     </span>
    </p>

    <p class='ocr_par' dir='ltr' id='par_1_5' title="bbox 62 3853 1380 4857">
     <span class='ocr_line' id='line_1_31' title="bbox 135 3853 1378 3930; baseline -0.002 -16"><span class='ocrx_word' id='word_1_276' title='bbox 135 3853 230 3930; x_wconf 85' lang='lat' dir='ltr'><strong>Quam</strong></span> <span class='ocrx_word' id='word_1_277' title='bbox 253 3858 291 3915; x_wconf 94' lang='lat' dir='ltr'><strong>ob</strong></span> <span class='ocrx_word' id='word_1_278' title='bbox 314 3877 375 3916; x_wconf 89' lang='lat' dir='ltr'><strong>rem</strong></span> <span class='ocrx_word' id='word_1_279' title='bbox 397 3857 467 3916; x_wconf 89' lang='lat' dir='ltr'><strong>licet</strong></span> <span class='ocrx_word' id='word_1_280' title='bbox 488 3877 547 3917; x_wconf 92' lang='lat' dir='ltr'><strong>non</strong></span> <span class='ocrx_word' id='word_1_281' title='bbox 569 3857 627 3916; x_wconf 90' lang='lat' dir='ltr'><strong>hoc</strong></span> <span class='ocrx_word' id='word_1_282' title='bbox 649 3857 722 3916; x_wconf 91' lang='lat' dir='ltr'><strong>mihi</strong></span> <span class='ocrx_word' id='word_1_283' title='bbox 744 3875 872 3928; x_wconf 89' lang='lat' dir='ltr'><strong>sumam,</strong></span> <span class='ocrx_word' id='word_1_284' title='bbox 901 3867 933 3913; x_wconf 93' lang='lat' dir='ltr'><strong>ut</strong></span> <span class='ocrx_word' id='word_1_285' title='bbox 955 3853 1132 3915; x_wconf 88' lang='lat' dir='ltr'><strong>Comensem</strong></span> <span class='ocrx_word' id='word_1_286' title='bbox 1153 3854 1270 3912; x_wconf 90' lang='lat' dir='ltr'><strong>titulum</strong></span> <span class='ocrx_word' id='word_1_287' title='bbox 1297 3861 1378 3911; x_wconf 89' lang='lat' dir='ltr'><strong>certa</strong></span> 
     </span>
     <span class='ocr_line' id='line_1_32' title="bbox 63 3957 1375 4036; baseline 0.002 -26"><span class='ocrx_word' id='word_1_288' title='bbox 63 3957 164 4016; x_wconf 88' lang='lat' dir='ltr'><strong>ratione</strong></span> <span class='ocrx_word' id='word_1_289' title='bbox 185 3958 381 4036; x_wconf 86' lang='lat' dir='ltr'><strong>expleverim,</strong></span> <span class='ocrx_word' id='word_1_290' title='bbox 402 3969 520 4036; x_wconf 91' lang='lat' dir='ltr'><strong>praeter</strong></span> <span class='ocrx_word' id='word_1_291' title='bbox 545 3959 646 4018; x_wconf 80' lang='lat' dir='ltr'><strong>citium</strong></span> <span class='ocrx_word' id='word_1_292' title='bbox 669 3958 752 4030; x_wconf 91' lang='lat' dir='ltr'><strong>illud,</strong></span> <span class='ocrx_word' id='word_1_293' title='bbox 774 3959 854 4034; x_wconf 89' lang='lat' dir='ltr'><strong>quod</strong></span> <span class='ocrx_word' id='word_1_294' title='bbox 877 3959 944 4034; x_wconf 88' lang='lat' dir='ltr'><strong>ipsa</strong></span> <span class='ocrx_word' id='word_1_295' title='bbox 965 3979 997 4016; x_wconf 91' lang='lat' dir='ltr'><strong>re</strong></span> <span class='ocrx_word' id='word_1_296' title='bbox 1019 3957 1187 4034; x_wconf 89' lang='lat' dir='ltr'><strong>requiritur,</strong></span> <span class='ocrx_word' id='word_1_297' title='bbox 1210 3957 1276 4014; x_wconf 92' lang='lat' dir='ltr'><strong>dico</strong></span> <span class='ocrx_word' id='word_1_298' title='bbox 1292 3974 1375 4032; x_wconf 89' lang='lat' dir='ltr'><strong>prac-</strong></span> 
     </span>
     <span class='ocr_line' id='line_1_33' title="bbox 64 4057 1378 4139; baseline -0.002 -22"><span class='ocrx_word' id='word_1_299' title='bbox 64 4058 146 4118; x_wconf 79' lang='lat' dir='ltr'><strong>toriae</strong></span> <span class='ocrx_word' id='word_1_300' title='bbox 168 4071 197 4120; x_wconf 84' lang='lat' dir='ltr'><strong>et</strong></span> <span class='ocrx_word' id='word_1_301' title='bbox 219 4061 386 4121; x_wconf 88' lang='lat' dir='ltr'><strong>consularis</strong></span> <span class='ocrx_word' id='word_1_302' title='bbox 407 4061 565 4139; x_wconf 86' lang='lat' dir='ltr'><strong>potcstatis</strong></span> <span class='ocrx_word' id='word_1_303' title='bbox 588 4060 827 4132; x_wconf 89' lang='lat' dir='ltr'><strong>cumulationem,</strong></span> <span class='ocrx_word' id='word_1_304' title='bbox 851 4081 926 4136; x_wconf 89' lang='lat' dir='ltr'><strong>quae</strong></span> <span class='ocrx_word' id='word_1_305' title='bbox 947 4059 1034 4138; x_wconf 91' lang='lat' dir='ltr'><strong>posui</strong></span> <span class='ocrx_word' id='word_1_306' title='bbox 1055 4059 1262 4135; x_wconf 87' lang='lat' dir='ltr'><strong>supplementa</strong></span> <span class='ocrx_word' id='word_1_307' title='bbox 1281 4057 1378 4114; x_wconf 92' lang='lat' dir='ltr'><strong>adhuc</strong></span> 
     </span>
     <span class='ocr_line' id='line_1_34' title="bbox 64 4159 1377 4238; baseline -0.001 -22"><span class='ocrx_word' id='word_1_308' title='bbox 64 4161 124 4219; x_wconf 91' lang='lat' dir='ltr'><strong>mihi</strong></span> <span class='ocrx_word' id='word_1_309' title='bbox 146 4163 281 4224; x_wconf 83' lang='lat' dir='ltr'><strong>ridentur</strong></span> <span class='ocrx_word' id='word_1_310' title='bbox 303 4163 385 4222; x_wconf 93' lang='lat' dir='ltr'><strong>nullo</strong></span> <span class='ocrx_word' id='word_1_311' title='bbox 408 4164 467 4222; x_wconf 89' lang='lat' dir='ltr'><strong>alio</strong></span> <span class='ocrx_word' id='word_1_312' title='bbox 490 4164 635 4222; x_wconf 91' lang='lat' dir='ltr'><strong>laborare.</strong></span> <span class='ocrx_word' id='word_1_313' title='bbox 684 4163 719 4221; x_wconf 91' lang='lat' dir='ltr'><strong>Iu</strong></span> <span class='ocrx_word' id='word_1_314' title='bbox 741 4163 828 4220; x_wconf 89' lang='lat' dir='ltr'><strong>titulo</strong></span> <span class='ocrx_word' id='word_1_315' title='bbox 850 4162 1021 4238; x_wconf 87' lang='lat' dir='ltr'><strong>Hispellate</strong></span> <span class='ocrx_word' id='word_1_316' title='bbox 1046 4161 1117 4237; x_wconf 90' lang='lat' dir='ltr'><strong>quid</strong></span> <span class='ocrx_word' id='word_1_317' title='bbox 1144 4159 1233 4219; x_wconf 82' lang='lat' dir='ltr'><strong>suerit</strong></span> <span class='ocrx_word' id='word_1_318' title='bbox 1258 4159 1377 4236; x_wconf 82' lang='lat' dir='ltr'><strong>ignor03</strong></span> 
     </span>
     <span class='ocr_line' id='line_1_35' title="bbox 64 4261 1377 4344; baseline -0.004 -23"><span class='ocrx_word' id='word_1_319' title='bbox 64 4271 152 4336; x_wconf 89' lang='lat' dir='ltr'><strong>potest</strong></span> <span class='ocrx_word' id='word_1_320' title='bbox 175 4267 270 4326; x_wconf 83' lang='lat' dir='ltr'><strong>fuisse</strong></span> <span class='ocrx_word' id='word_1_321' title='bbox 292 4267 329 4325; x_wconf 93' lang='lat' dir='ltr'><strong>ad</strong></span> <span class='ocrx_word' id='word_1_322' title='bbox 351 4267 408 4324; x_wconf 89' lang='lat' dir='ltr'><strong>hoo</strong></span> <span class='ocrx_word' id='word_1_323' title='bbox 430 4267 612 4344; x_wconf 83' lang='lat' dir='ltr'><strong>exemplum:</strong></span> <span class='ocrx_word' id='word_1_324' title='bbox 645 4285 678 4323; x_wconf 80' lang='lat' dir='ltr'><strong>ec</strong></span> <span class='ocrx_word' id='word_1_325' title='bbox 699 4265 842 4339; x_wconf 84' lang='lat' dir='ltr'><strong>e(enctca)</strong></span> <span class='ocrx_word' id='word_1_326' title='bbox 867 4264 1021 4340; x_wconf 83' lang='lat' dir='ltr'><strong>c(onaclto)</strong></span> <span class='ocrx_word' id='word_1_327' title='bbox 1039 4261 1295 4339; x_wconf 82' lang='lat' dir='ltr'><strong>pro[co(a)e(ulis)</strong></span> <span class='ocrx_word' id='word_1_328' title='bbox 1318 4261 1377 4318; x_wconf 85' lang='lat' dir='ltr'><strong>loco</strong></span> 
     </span>
     <span class='ocr_line' id='line_1_36' title="bbox 62 4362 1379 4444; baseline -0.003 -23"><span class='ocrx_word' id='word_1_329' title='bbox 62 4368 87 4421; x_wconf 84' lang='lat' dir='ltr'><strong>in</strong></span> <span class='ocrx_word' id='word_1_330' title='bbox 108 4373 255 4443; x_wconf 81' lang='lat' dir='ltr'><strong>provincia</strong></span> <span class='ocrx_word' id='word_1_331' title='bbox 277 4369 379 4444; x_wconf 81' lang='lat' dir='ltr'><strong>Ponto]</strong></span> <span class='ocrx_word' id='word_1_332' title='bbox 407 4378 434 4427; x_wconf 86' lang='lat' dir='ltr'><strong>ct</strong></span> <span class='ocrx_word' id='word_1_333' title='bbox 453 4369 591 4444; x_wconf 74' lang='lat' dir='ltr'><strong>Bithynia</strong></span> <span class='ocrx_word' id='word_1_334' title='bbox 619 4377 643 4426; x_wconf 84' lang='lat' dir='ltr'><strong>et</strong></span> <span class='ocrx_word' id='word_1_335' title='bbox 671 4367 779 4443; x_wconf 80' lang='lat' dir='ltr'><strong>Iapetus</strong></span> <span class='ocrx_word' id='word_1_336' title='bbox 808 4366 877 4441; x_wconf 83' lang='lat' dir='ltr'><strong>[pro</strong></span> <span class='ocrx_word' id='word_1_337' title='bbox 904 4385 952 4444; x_wconf 84' lang='lat' dir='ltr'><strong>pr.</strong></span> <span class='ocrx_word' id='word_1_338' title='bbox 976 4369 1042 4442; x_wconf 83' lang='lat' dir='ltr'><strong>imp.</strong></span> <span class='ocrx_word' id='word_1_339' title='bbox 1070 4365 1189 4422; x_wconf 82' lang='lat' dir='ltr'><strong>Traiani</strong></span> <span class='ocrx_word' id='word_1_340' title='bbox 1210 4362 1284 4438; x_wconf 77' lang='lat' dir='ltr'><strong>Aap.</strong></span> <span class='ocrx_word' id='word_1_341' title='bbox 1309 4380 1379 4438; x_wconf 81' lang='lat' dir='ltr'><strong>pro-</strong></span> 
     </span>
     <span class='ocr_line' id='line_1_37' title="bbox 63 4462 1379 4548; baseline -0.005 -24"><span class='ocrx_word' id='word_1_342' title='bbox 63 4473 161 4528; x_wconf 73' lang='lat' dir='ltr'><strong>vinciae</strong></span> <span class='ocrx_word' id='word_1_343' title='bbox 182 4471 328 4548; x_wconf 62' lang='lat' dir='ltr'><strong>eiusdem,</strong></span> <span class='ocrx_word' id='word_1_344' title='bbox 357 4481 390 4529; x_wconf 92' lang='lat' dir='ltr'><strong>ut</strong></span> <span class='ocrx_word' id='word_1_345' title='bbox 415 4471 544 4529; x_wconf 88' lang='lat' dir='ltr'><strong>formula</strong></span> <span class='ocrx_word' id='word_1_346' title='bbox 570 4480 738 4528; x_wconf 77' lang='lat' dir='ltr'><strong>casanatae</strong></span> <span class='ocrx_word' id='word_1_347' title='bbox 761 4469 888 4526; x_wconf 81' lang='lat' dir='ltr'><strong>consulto</strong></span> <span class='ocrx_word' id='word_1_348' title='bbox 916 4477 974 4525; x_wconf 90' lang='lat' dir='ltr'><strong>tam</strong></span> <span class='ocrx_word' id='word_1_349' title='bbox 1002 4467 1040 4525; x_wconf 89' lang='lat' dir='ltr'><strong>ad</strong></span> <span class='ocrx_word' id='word_1_350' title='bbox 1067 4467 1196 4542; x_wconf 89' lang='lat' dir='ltr'><strong>priorem</strong></span> <span class='ocrx_word' id='word_1_351' title='bbox 1223 4483 1312 4541; x_wconf 89' lang='lat' dir='ltr'><strong>quam</strong></span> <span class='ocrx_word' id='word_1_352' title='bbox 1340 4462 1379 4519; x_wconf 89' lang='lat' dir='ltr'><strong>ad</strong></span> 
     </span>
     <span class='ocr_line' id='line_1_38' title="bbox 63 4565 1378 4652; baseline -0.004 -26"><span class='ocrx_word' id='word_1_353' title='bbox 63 4573 246 4642; x_wconf 87' lang='lat' dir='ltr'><strong>posteriorem</strong></span> <span class='ocrx_word' id='word_1_354' title='bbox 273 4583 388 4652; x_wconf 88' lang='lat' dir='ltr'><strong>partem</strong></span> <span class='ocrx_word' id='word_1_355' title='bbox 415 4574 549 4632; x_wconf 85' lang='lat' dir='ltr'><strong>trahatur</strong></span> <span class='ocrx_word' id='word_1_356' title='bbox 577 4581 678 4648; x_wconf 89' lang='lat' dir='ltr'><strong>utpote</strong></span> <span class='ocrx_word' id='word_1_357' title='bbox 701 4572 817 4647; x_wconf 90' lang='lat' dir='ltr'><strong>utrique</strong></span> <span class='ocrx_word' id='word_1_358' title='bbox 843 4569 1024 4646; x_wconf 89' lang='lat' dir='ltr'><strong>praeposita.</strong></span> <span class='ocrx_word' id='word_1_359' title='bbox 1077 4567 1156 4627; x_wconf 88' lang='lat' dir='ltr'><strong>Nam</strong></span> <span class='ocrx_word' id='word_1_360' title='bbox 1185 4568 1313 4643; x_wconf 86' lang='lat' dir='ltr'><strong>legatum</strong></span> <span class='ocrx_word' id='word_1_361' title='bbox 1341 4565 1378 4621; x_wconf 86' lang='lat' dir='ltr'><strong>ab</strong></span> 
     </span>
     <span class='ocr_line' id='line_1_39' title="bbox 63 4669 1380 4751; baseline -0.004 -21"><span class='ocrx_word' id='word_1_362' title='bbox 63 4669 230 4748; x_wconf 90' lang='lat' dir='ltr'><strong>imperatore</strong></span> <span class='ocrx_word' id='word_1_363' title='bbox 252 4677 330 4734; x_wconf 90' lang='lat' dir='ltr'><strong>mitti</strong></span> <span class='ocrx_word' id='word_1_364' title='bbox 351 4695 390 4735; x_wconf 88' lang='lat' dir='ltr'><strong>ex</strong></span> <span class='ocrx_word' id='word_1_365' title='bbox 412 4685 533 4736; x_wconf 87' lang='lat' dir='ltr'><strong>senatus</strong></span> <span class='ocrx_word' id='word_1_366' title='bbox 556 4673 695 4734; x_wconf 88' lang='lat' dir='ltr'><strong>consulto</strong></span> <span class='ocrx_word' id='word_1_367' title='bbox 722 4673 809 4751; x_wconf 87' lang='lat' dir='ltr'><strong>longe</strong></span> <span class='ocrx_word' id='word_1_368' title='bbox 837 4673 919 4732; x_wconf 91' lang='lat' dir='ltr'><strong>aliud</strong></span> <span class='ocrx_word' id='word_1_369' title='bbox 947 4681 993 4732; x_wconf 92' lang='lat' dir='ltr'><strong>est</strong></span> <span class='ocrx_word' id='word_1_370' title='bbox 1020 4679 1109 4746; x_wconf 91' lang='lat' dir='ltr'><strong>atque</strong></span> <span class='ocrx_word' id='word_1_371' title='bbox 1136 4671 1213 4728; x_wconf 90' lang='lat' dir='ltr'><strong>mitti</strong></span> <span class='ocrx_word' id='word_1_372' title='bbox 1236 4688 1254 4726; x_wconf 86' lang='lat' dir='ltr'><strong>a</strong></span> <span class='ocrx_word' id='word_1_373' title='bbox 1275 4675 1380 4727; x_wconf 82' lang='lat' dir='ltr'><strong>senatu</strong></span> 
     </span>
     <span class='ocr_line' id='line_1_40' title="bbox 65 4779 384 4857; baseline 0.019 -27"><span class='ocrx_word' id='word_1_374' title='bbox 65 4785 174 4836; x_wconf 88' lang='lat' dir='ltr'><strong>auctora</strong></span> <span class='ocrx_word' id='word_1_375' title='bbox 196 4779 384 4857; x_wconf 86' lang='lat' dir='ltr'><strong>imperatore.</strong></span> 
     </span>
    </p>
   </div>
   <div class='ocr_carea' id='block_1_3' title="bbox 0 0 1698 5930">
    <p class='ocr_par' dir='ltr' id='par_1_6' title="bbox 0 0 1698 5930">
     <span class='ocr_line' id='line_1_41' title="bbox 0 0 1698 5930; baseline 0 0"><span class='ocrx_word' id='word_1_376' title='bbox 0 0 1698 5930; x_wconf 95' lang='lat' dir='ltr'><strong> </strong></span> 
     </span>
    </p>
   </div>
  </div>
 </body>
</html>
