3374 5930
330 541 404 616 440
639 583 648 604 ·
902 561 1084 620 nemaeus

328 739 448 798 firmant
469 737 567 814 capita
588 735 649 798 duo
670 756 747 815 quae
769 737 835 798 sola
855 740 930 800 satie
952 741 1068 819 integra
1088 739 1127 800 ad
1145 758 1204 800 nos
1222 735 1651 818 perveneruntv.3'10-3ii:

330 832 428 910 ὅμοιόις
450 829 536 898 διέσει
557 833 584 915 (ὅ
607 832 791 924 γραμμαειῦο
811 841 862 912 τῆς
882 833 1008 920 niuem)
1034 835 1090 900 cirri
1119 845 1171 902 τοῦ
1198 831 1448 924 προγεγραμμένου
1475 828 1586 916 [eiam]
1612 827 1653 896 aui

328 946 385 1004 τοῖο
405 937 571 1019 θεσμῳδοῒε
592 941 631 1007 εἷς
654 938 788 1014 διανομὴν
809 937 853 1013 δη.
876 935 919 1016 ξ’,
940 937 1014 1004 οἷστε
1035 933 1192 1012 λανβᾶνειν
1214 938 1320 1006 adratis
1341 941 1368 1000 ἓν
1388 944 1432 1021 rei
1452 941 1516 1024 ἱερῷ
1537 943 1586 1011 τῆς
1595 935 1652 1022 ’Ap-

328 1037 438 1114 riardus
458 1049 494 1125 τῇ
515 1038 633 1122 γενεσίῳ
655 1047 706 1115 τῆς
726 1042 803 1106 θεοῦ
824 1041 880 1104 circi
902 1037 1030 1129 ἇσσᾶρισ
1050 1037 1097 1106 θ’.
1118 1038 1218 1114 duriore
1240 1037 1322 1106 δοῘσει
1336 1039 1394 1104 cirri
1414 1047 1465 1102 τοῦ
1481 1065 1653 1127 προγεγραμ-

327 1144 410 1220 pirou
429 1139 514 1208 τοίιου
536 1137 584 1206 uui
605 1148 661 1210 τοῖς
683 1138 863 1229 ἇκροβοῖτιιις
883 1151 934 1219 τῆς
954 1145 1031 1208 θεοῦ
1051 1147 1089 1211 εἷς
1112 1143 1244 1220 διανομὴν
1271 1143 1316 1219 δη.
1340 1139 1384 1215 ιε’,
1411 1137 1480 1206 dm
1505 1136 1653 1212 λοινβοῖνειο

330 1244 434 1314 adroic
461 1252 495 1331 τῇ
524 1243 642 1328 ‘praeripi
669 1253 719 1322 τῆς
744 1246 847 1328 Smer]
872 1245 929 1309 circi
954 1241 1082 1334 discripto
1107 1243 1242 1334 drmpioe
1269 1243 1365 1323 ἥμισυ.
1418 1249 1582 1310 Denariun
1608 1247 1652 1306 ubi

330 1357 474 1414 sumimus
502 1354 664 1413 secundum
693 1372 784 1430 supra
809 1355 889 1414 dicta
913 1373 1042 1432 aequare
1067 1372 1153 1416 asses
1174 1356 1328 1415 Asiaticos
1351 1355 1427 1436 213,
1454 1353 1568 1414 numeri
1591 1369 1651 1408 ceu-

329 1467 428 1518 torum
451 1466 481 1517 et
499 1457 714 1528 acrobatarum‚
737 1475 813 1533 quos
829 1457 935 1516 titulus
950 1477 1010 1518 non
1025 1459 1169 1530 enuntiat,
1191 1467 1272 1518 certe
1286 1456 1461 1537 probabiles
1475 1457 1519 1514 its
1532 1454 1652 1514 efficieu·

331 1569 387 1619 tur.
425 1561 502 1619 Nam
525 1579 590 1619 cum
613 1559 783 1618 cantoribus
806 1559 932 1638 singulis
956 1578 1043 1622 asses
1059 1561 1165 1620 dentur
1185 1563 1305 1634 noveni,
1327 1569 1489 1637 erogentur
1502 1559 1533 1616 in
1549 1575 1652 1618 summa

330 1663 443 1723 denarii
470 1673 583 1740 septem
607 1663 669 1720 sire
692 1661 883 1743 asses149si,
905 1683 1029 1722 numero
1051 1665 1174 1724 fuerunt
1195 1665 1340 1736 sedecim
1363 1663 1514 1722 acrobatis
1535 1659 1650 1738 singulis

329 1787 396 1826 cum
418 1783 503 1826 asses
526 1765 632 1824 dentur
654 1765 723 1824 deni
745 1765 820 1824 terni
842 1783 907 1824 cum
930 1766 1064 1838 dimidio,
1087 1775 1249 1846 erogentur
1268 1767 1300 1826 in
1316 1785 1435 1826 summa
1448 1764 1561 1825 denarii
1575 1763 1651 1838 quin·

328 1871 424 1929 decim
447 1869 511 1928 siva
533 1885 618 1928 asses
635 1868 704 1941 320,
727 1887 851 1927 numero
872 1869 994 1928 fuerunt
1009 1869 1112 1946 uiginti
1128 1881 1276 1947 quattuor.
1311 1867 1438 1930 Summa
1451 1867 1563 1926 minuta
1582 1883 1649 1940 quac

330 1973 360 2032 in
385 1973 438 2032 illa
459 1971 606 2030 divisione
628 1981 749 2048 superat
770 1970 883 2030 assium
905 1966 947 2051 δὲ
968 1979 998 2030 et
1019 1971 1113 2032 altera
1134 1991 1211 2050 quae
1232 1973 1264 2032 in
1291 1971 1347 2030 bac
1373 1969 1475 2030 deficit
1501 1968 1609 2028 assium
1632 1968 1647 2023 4

331 2076 519 2153 aliquatenus
539 2091 605 2134 sese
627 2085 828 2152 compensent.

412 2179 603 2256 Accepernut
623 2179 715 2254 igitur
735 2178 816 2236 cives
838 2177 988 2255 Apameui
1011 2183 1092 2237 sorte
1113 2197 1132 2236 a
1152 2177 1327 2237 Mithridate
1349 2177 1485 2254 praebita
1505 2177 1548 2234 ita
1568 2173 1645 2234 collo

328 2291 396 2340 cata
424 2282 549 2340 reditum
579 2299 708 2340 annuum
737 2280 891 2339 denarium
925 2279 1007 2340 3060
1038 2281 1101 2340 sive
1130 2281 1338 2340 drachmarum
1370 2280 1540 2358 provinciae
1567 2275 1644 2334 4080.

328 2385 376 2444 Eo
398 2385 440 2443 ita
462 2393 593 2456 utuntur,
623 2391 655 2440 ut
675 2382 754 2459 quod
776 2383 806 2442 in
829 2401 917 2441 omne
940 2401 1045 2442 aarum
1069 2383 1234 2442 tollendum
1262 2401 1331 2443 esse
1360 2383 1550 2442 decreverant
1573 2395 1645 2437 enra-

329 2496 425 2545 torum
447 2486 593 2558 officium,
622 2485 745 2544 tollatur
771 2485 836 2544 siue
862 2485 971 2544 damno
998 2485 1117 2558 aerarii,
1147 2487 1227 2562 quod
1253 2485 1324 2544 inde
1354 2485 1513 2562 quotannis
1536 2481 1644 2542 moltam

327 2597 500 2668 perceperat
521 2609 540 2647 a
560 2589 746 2648 curatoribus
769 2599 968 2648 numeratam:
992 2588 1083 2647 rerba
1104 2587 1182 2646 enim
1205 2579 1306 2658 σιέζειν
1329 2577 1431 2674 τέκον..
1444 2629 1472 2646 ..
1494 2583 1533 2648 εἷς
1552 2575 1581 2642 εδ
1601 2581 1642 2640 :tir

328 2681 503 2773 usupardpruv
530 2681 670 2762 ἔπιξῆμιον
697 2685 727 2748 rc*
754 2684 830 2748 nurci
850 2685 923 2754 ’ἶσος
948 2686 1000 2748 ὑπ’
1029 2686 1120 2748 αὐτῶν
1150 2679 1295 2754 διδέμινον
1322 2689 1411 2748 aliter
1439 2707 1499 2749 non
1524 2687 1643 2746 ridentur

328 2795 422 2872 accipi
444 2811 544 2870 posse.
594 2793 662 2853 Hoc
684 2805 716 2852 nt
737 2793 935 2870 intellegatur,
958 2794 1081 2870 quinam
1103 2801 1256 2852 curatores
1279 2792 1482 2871 significentur
1501 2787 1640 2848 ridendum

328 2907 383 2954 est.
413 2895 547 2954 Fuerunt
565 2903 663 2956 autem
682 2897 713 2954 in
734 2897 855 2955 urbibus
871 2894 998 2956 Graecis
1014 2897 1072 2954 duo
1089 2902 1202 2954 tantum
1218 2914 1321 2955 eorum
1337 2915 1457 2974 genera,
1479 2889 1639 2954 scilicetdii

329 2999 366 3056 ab
389 2997 617 3075 imperatoribus
639 2999 702 3058 dati
723 2997 836 3057 ordinis
859 2999 1001 3057 senatorii
1024 2998 1217 3075 equestrisre,
1245 2997 1298 3056 alii
1321 2997 1485 3056 incolarum
1507 3005 1639 3056 curatores

327 3100 436 3158 civium
457 3100 671 3160 Romanorum.
721 3103 763 3159 At
784 3101 821 3158 de
842 3100 904 3159 iilis
926 3102 1051 3179 cogitari
1073 3117 1131 3160 nou
1153 3117 1243 3178 posse
1266 3099 1361 3158 muita
1381 3099 1566 3177 persuadent,
1587 3114 1638 3154 cum

328 3203 427 3278 ipsum
449 3221 567 3276 nomen,
589 3203 668 3279 quod
690 3203 769 3280 apud
793 3201 926 3262 Graecos
949 3192 1085 3280 superuis
1106 3211 1153 3261 est
1175 3201 1370 3277 (Stactarccbt
1390 3201 1445 3274 2³,
1469 3200 1569 3276 1082),
1588 3212 1636 3256 tum

328 3293 422 3364 multo
445 3306 550 3382 magis,
573 3305 652 3382 quod
674 3305 820 3364 eiusmodi
842 3325 914 3363 curs
934 3305 1003 3364 licet
1025 3306 1090 3364 sine
1112 3303 1202 3364 dnbio
1221 3305 1339 3364 civibus
1360 3321 1571 3382 saepenumero
1589 3317 1635 3357 uo·

328 3407 405 3466 leste
427 3417 457 3465 et
477 3407 579 3486 gravis
601 3408 719 3467 decreto
740 3407 931 3467 decurionum
955 3408 1039 3466 nullo
1062 3407 1151 3466 modo
1172 3406 1237 3466 tolli
1253 3407 1360 3482 potuit.
1396 3405 1548 3466 Reicimur
1561 3399 1637 3462 itaad

329 3519 479 3568 curatores
502 3510 608 3568 civium
631 3509 833 3568 Romanorum
857 3529 911 3586 per
932 3511 1044 3587 oppida
1065 3510 1302 3569 consistentium.
1352 3509 1462 3568 Fuisse
1483 3508 1556 3567 tales
1575 3513 1636 3564 certe

328 3612 358 3668 in
380 3611 556 3686 quibusdam
580 3612 703 3670 urbibus
724 3613 852 3689 probant
874 3613 950 3670 tituli
966 3613 1171 3690 Thyatirenus
1194 3611 1289 3686 (Bull-
1307 3613 1342 3670 de
1356 3630 1432 3671 corr.
1449 3611 1513 3670 beli.
1535 3631 1559 3667 a.
1574 3605 1635 3666 1886

328 3732 357 3788 p.
374 3711 459 3788 tta),
482 3731 541 3788 quo
556 3721 673 3772 sutores
689 3713 836 3772 honorant
851 3714 888 3772 T.
900 3713 1037 3774 Flavium
1054 3715 1259 3792 Metrophanis
1275 3713 1295 3772 f.
1309 3712 1440 3787 Quirina
1454 3711 1635 3771 Alexandrum

328 3805 591 3896 acupuropeu'ruurn
613 3815 666 3872 reo*
679 3817 733 3872 ruia
746 3807 889 3881 ‘Posterior
903 3805 1069 3885 κονβὲνσου,
1091 3825 1120 3874 et
1134 3817 1309 3876 Trallianus
1325 3814 1361 3876 C.
1374 3815 1399 3874 Ι.
1414 3814 1468 3875 Gr.
1484 3814 1570 3892 2930,
1589 3827 1635 3886 (11¹⁰

328 3919 447 3994 gerusia
466 3927 496 3976 et
510 3917 632 3975 iuuenes
651 3924 681 3974 et
697 3917 719 3975 ci
734 3915 761 3976 iv
776 3909 918 4002 Τράλλεσι
931 3921 1050 3988 Ρωμαῖοι
1067 3920 1216 3978 honorant
1228 3919 1276 3978 Ti.
1291 3916 1451 3978 Claudium
1465 3913 1636 3992 Pannycbun
1672 3905 1673 3910 '

328 4032 445 4096 praeter
467 4019 526 4077 alia
546 4009 809 4100 ucoparopro'ruuru
831 4023 886 4077 ruia
898 4015 1050 4090 Ῥωμαίων,
1072 4029 1101 4080 ct
1119 4041 1213 4099 prope
1229 4021 1416 4097 Magnesiam
1432 4019 1544 4097 Lydiae
1557 4033 1636 4091 reper-

328 4131 375 4180 tus
397 4123 486 4196 (mus.
511 4118 628 4196 Smyrn.
655 4120 733 4182 1886
756 4143 785 4200 p.
802 4123 840 4182 66
864 4145 892 4182 n.
909 4115 993 4199 pvd')
1016 4143 1076 4200 quo
1100 4123 1270 4182 nominatur
1366 4123 1512 4182 Aelianus
1536 4117 1634 4197 quidun

326 4215 566 4308 aoupoeropeo'roes,
592 4231 622 4280 et
643 4233 779 4298 repertus
802 4225 1028 4301 philadelphiae
1057 4229 1086 4283 in
1113 4225 1211 4302 Lydia
1239 4221 1273 4284 C.
1291 4225 1314 4282 I.
1334 4223 1388 4284 Gr.
1416 4224 1511 4294 3418,
1539 4223 1567 4280 in
1588 4235 1633 4294 qut)

328 4333 374 4384 est
403 4325 438 4384 P.
469 4324 628 4384 Cornelius
656 4325 782 4386 Priscus
811 4322 1065 4410 nuncuporoproaaic
1093 4317 1260 4404 φιλοτιῖμοις
1288 4333 1318 4385 et
1348 4325 1539 4403 Gortynaeus
1566 4335 1635 4398 supr!

327 4447 357 4504 p.
378 4426 453 4499 425,
487 4445 575 4502 quem
601 4447 629 4486 a.
651 4448 680 4504 p.
702 4425 735 4488 C.
765 4429 821 4488 195
852 4431 1022 4508 imperatori
1048 4427 1159 4489 Severo
1184 4439 1351 4506 posuerunt
1377 4427 1479 4505 c(r'ues)
1508 4419 1632 4504 memmi

328 4529 405 4606 40ιί)
437 4527 610 4604 G(ortyoue)
639 4529 822 4607 c(oueietuut)
853 4552 885 4590 ea
914 4551 1037 4604 summa,
1072 4535 1156 4608 quum
1185 4533 1283 4591 intulit
1307 4549 1364 4608 pru
1393 4533 1575 4592 decurionatus
1595 4539 1631 4584 sut

328 4631 481 4706 Fl(ucius)
500 4631 628 4690 Titianae
651 4635 783 4692 sacerdos
807 4635 970 4710 desiyuatus
986 4637 1044 4693 diui
1061 4635 1183 4694 Traiani
1205 4643 1320 4694 curante
1335 4633 1374 4692 L.
1389 4633 1500 4693 Νοεοίο
1514 4632 1631 4690 Eram

329 4735 473 4792 sccmdote
500 4735 560 4792 dici
582 4734 735 4810 Au9(ceti)
759 4747 784 4794 et
805 4737 962 4814 c(uratcre)
985 4737 1113 4813 c(icium)
1136 4735 1356 4814 Montanorum)
1382 4735 1552 4812 G(ortyaue)
1573 4729 1631 4804 c(ot·

328 4835 506 4911 sistentium).
559 4837 619 4895 Alii
642 4845 794 4898 curatores
817 4839 948 4898 eiusdem
970 4841 1086 4916 generis
1114 4839 1206 4899 latent
1231 4839 1363 4898 sortasse
1388 4839 1420 4898 iu
1446 4837 1520 4898 mari
1546 4847 1629 4909 magno
1669 4891 1670 4919 p

328 4939 555 5016 inscriptionum
578 4939 670 4998 Asiae
692 4941 814 4999 minoris
836 4941 1065 5018 indigestarum‚
1093 4943 1145 5000 aed
1167 4949 1244 5000 certe
1271 4942 1331 5000 rari
1359 4949 1429 5000 sunt
1455 4959 1524 5018 prae
1545 4951 1630 5010 magns

329 5041 417 5116 copia
450 5041 600 5101 titulorum
627 5043 774 5102 eiusmodi
805 5044 968 5102 incolarum
1002 5043 1205 5104 Romanorum
1240 5043 1452 5103 universitates
1478 5053 1629 5102 commemo·

328 5143 471 5214 rentium,
505 5145 680 5224 videturque
707 5146 774 5223 ipsa
801 5165 836 5205 ea
861 5147 969 5205 raritas
998 5147 1204 5225 componenda
1231 5164 1300 5206 esse
1334 5165 1399 5206 cum
1430 5147 1542 5206 decreto
1568 5141 1629 5214 upa·

329 5263 481 5304 nuenorum
505 5245 541 5306 dc
562 5249 752 5310 curatoribus
774 5249 804 5308 in
827 5267 914 5308 omne
936 5268 1041 5310 aevum
1065 5249 1216 5310 tollendis.
1254 5247 1357 5312 Causa
1377 5247 1531 5329 repetenda
1549 5238 1629 5302 catab
