3374 5930
320 665 394 744 422
894 683 1079 739 uouusuu

319 862 522 943 promulgant,
549 864 603 923 sed
625 864 683 922 alio
705 865 793 923 edicto
815 881 870 922 suo
893 863 1057 941 imperator
1078 863 1229 940 epistulas
1254 863 1323 924 illas
1351 863 1521 942 promulgat
1541 861 1637 922 scilicet

318 969 346 1028 ei
368 969 512 1039 insertas;
535 987 629 1044 neque
652 967 730 1026 enim
751 967 837 1026 video
859 967 1009 1044 quomodo
1031 967 1141 1042 prioris
1160 966 1383 1028 constitutionis
1405 969 1497 1026 verba
1513 967 1638 1045 perplexa

317 1090 372 1132 neo
398 1071 461 1131 sine
487 1071 605 1130 mendis
628 1069 737 1129 tradita
759 1071 847 1128 aliter
869 1069 1063 1146 explicentur.
1108 1069 1209 1128 Etiam
1232 1071 1262 1128 in
1285 1070 1380 1130 altera
1403 1071 1473 1148 lege
1493 1071 1566 1129 idem
1586 1070 1636 1128 fere
1669 1107 1670 1188 p

318 1175 432 1246 evenit3
454 1173 569 1233 scilicet
590 1181 620 1232 et
641 1174 739 1251 ipsam
755 1172 842 1231 edicti
864 1172 963 1230 forma
978 1173 1119 1230 emissam
1136 1189 1205 1231 esse
1220 1172 1352 1232 dubitari
1374 1192 1434 1232 nou
1457 1181 1561 1250 potest,
1581 1173 1635 1230 snb·
1669 1191 1670 1254 i

318 1281 397 1340 iecta
418 1285 517 1336 autem
543 1278 570 1334 ei
598 1285 682 1348 sunt,
711 1283 743 1333 nt
770 1276 801 1334 in
828 1277 886 1336 fine
909 1275 1030 1348 dicitur,
1059 1293 1135 1351 quae
1158 1275 1195 1334 ds
1217 1277 1322 1334 eadem
1350 1277 1444 1335 read
1466 1275 1635 1354 magistratus

318 1381 440 1459 scripsit
461 1380 630 1457 imperator.
664 1378 817 1454 Exempla
830 1397 907 1454 quae
924 1377 1023 1456 legum
1040 1395 1170 1454 corpora
1184 1379 1380 1457 suppeditant
1395 1379 1506 1439 similia
1519 1381 1559 1438 ita
1571 1397 1636 1436 eon·

318 1493 424 1562 parata
446 1493 524 1555 sunt,
551 1489 584 1540 ut
606 1481 733 1540 edictum
757 1481 945 1558 epistulaque
967 1479 1073 1538 eodem
1095 1482 1237 1558 exemplo
1259 1491 1405 1559 concepta
1427 1483 1488 1542 sint
1507 1482 1552 1540 vel
1572 1489 1635 1539 certe
1669 1485 1670 1560 l

318 1607 378 1646 non
400 1585 537 1644 differant
557 1585 618 1643 nisi
640 1585 736 1662 capite
759 1584 858 1661 aliquo
880 1584 981 1642 addito
1003 1583 1176 1660 demptcve3
1201 1592 1232 1644 et
1253 1585 1285 1642 in
1308 1585 1453 1662 hisquae
1475 1586 1583 1644 edimus
1602 1583 1636 1640 di·

318 1689 445 1748 versitas
467 1687 614 1765 quaedam
636 1687 799 1764 requiritur
820 1687 896 1746 inter
917 1686 1044 1746 edictum
1067 1687 1259 1762 imperatoris
1283 1688 1322 1747 ad
1343 1688 1490 1766 populum
1511 1689 1634 1747 directum
1669 1691 1670 1760 l

318 1802 348 1851 et
371 1791 515 1870 epistulas
538 1791 575 1848 de
597 1790 702 1848 eadem
723 1809 756 1848 re
777 1789 1001 1867 magistratibus
1023 1789 1160 1866 scriptas.

402 1891 588 1967 Quibusnam
611 1893 836 1970 magistratibus
859 1893 909 1950 lex
932 1894 1065 1951 mittatur
1081 1910 1263 1970 quamquem
1286 1894 1398 1970 pendet
1419 1914 1460 1954 ex
1481 1905 1634 1972 argumento

317 1999 392 2070 eius,
415 1997 607 2055 nihilominus
629 1995 814 2055 consuetudo
838 1996 1025 2072 aliquatenus
1047 1995 1077 2054 in
1097 2015 1134 2054 ea
1155 1998 1307 2056 revaluit.
1344 1997 1482 2058 Primum
1505 1999 1592 2056 locum
1609 1997 1634 2053 in

317 2121 353 2160 ea
374 2120 405 2158 re
428 2108 528 2158 tenere
549 2099 647 2158 solent
668 2099 811 2176 praetorii
830 2097 983 2175 praefecti,
1005 2099 1056 2174 qui
1072 2099 1162 2157 etiam
1177 2099 1209 2158 in
1224 2101 1307 2158 hisce
1324 2101 1441 2160 duabus
1457 2101 1565 2179 legibus
1579 2109 1633 2157 ante

317 2205 450 2281 reliquos
473 2211 689 2280 nuncupantur.
725 2201 783 2260 His
804 2201 874 2260 addi
897 2201 1004 2260 solitos
1026 2219 1094 2260 esse
1116 2201 1191 2260 duos
1213 2202 1291 2262 alios
1313 2205 1403 2282 primi
1426 2205 1538 2264 ordinis
1558 2203 1632 2279 magi·

317 2317 442 2378 strutus,
471 2306 585 2364 scilicet
609 2305 752 2381 pecuniae
777 2304 916 2382 publicae
938 2311 1107 2364 curatorem
1129 2304 1318 2384 alterumque
1341 2307 1479 2383 privatae
1501 2307 1632 2386 principis,

317 2411 386 2470 inde
401 2409 518 2469 videtur
532 2407 634 2486 colligi
656 2425 757 2482 posse,
781 2407 860 2484 quod
882 2407 985 2466 eadem
1007 2407 1136 2466 formula
1156 2409 1267 2467 adsunt
1288 2411 1319 2468 in
1334 2419 1463 2486 utraque
1484 2411 1555 2488 lege,
1574 2427 1632 2484 qoa-

315 2533 380 2572 rum
403 2513 485 2590 prior
499 2521 578 2570 certe
593 2511 646 2568 vix
668 2509 791 2567 multum
815 2510 853 2568 ad
875 2510 958 2586 ipsos
980 2511 1131 2587 pertinuit,
1155 2530 1251 2588 neque
1273 2520 1354 2572 recte
1373 2523 1549 2590 opponetur,
1568 2509 1629 2586 qnod

315 2622 471 2693 practerea
496 2613 577 2690 quod
604 2613 695 2670 sciam
722 2611 860 2671 similiter
887 2631 946 2672 non
973 2613 1216 2690 reperiuntur¹);
1244 2634 1313 2674 uam
1342 2615 1493 2674 tralaticia
1518 2615 1582 2674 haec
1601 2633 1629 2672 er

315 2717 558 2778 constitutionum
582 2715 709 2792 syllogis
731 2714 793 2772 fere
816 2715 934 2774 sublata
956 2725 1033 2774 sunt.
1067 2717 1265 2793 Appellantur
1283 2726 1380 2776 autem
1407 2718 1453 2776 illi
1477 2719 1628 2792 inutraque

314 2821 380 2898 lege
402 2821 572 2880 nominibus
595 2817 821 2876 vetustioribus:
852 2818 966 2877 scilicet
991 2820 1144 2877 rationalia
1166 2820 1217 2894 qui
1241 2819 1363 2892 dicitur,
1393 2841 1499 2898 nempe
1521 2837 1627 2880 summae

314 2923 414 3000 rei2),
446 2925 473 2982 is
504 2929 551 2980 est
577 2921 628 2997 qui
659 2922 697 2979 ab
724 2939 802 2978 auno
828 2929 908 2979 certe
936 2921 997 2980 340
1023 2921 1189 2998 appellatur
1211 2941 1311 2982 comes
1339 2939 1494 2982 sacrarum
1518 2921 1626 2998 largitio·

315 3025 440 3102 num³)‚
468 3024 607 3084 similiter
632 3025 767 3099 magister
787 3027 936 3100 priuatus,
962 3024 1033 3082 item
1061 3041 1193 3082 summae
1220 3025 1316 3102 rei⁴),
1343 3027 1369 3084 is
1399 3047 1489 3103 quem
1513 3025 1548 3083 ab
1568 3041 1625 3080 anno

314 3128 383 3188 inde
410 3127 470 3186 342
496 3127 663 3202 reperimus
692 3126 747 3183 sub
773 3125 859 3184 titulo
885 3126 1003 3184 comitis
1025 3126 1068 3184 rei
1093 3127 1227 3204 privatae
1237 3127 1277 3203 ⁵).
1323 3127 1429 3204 ltaque
1453 3139 1570 3204 utraque
1588 3144 1625 3200 sp-

313 3229 436 3308 pellatio
463 3237 542 3288 recte
564 3229 704 3288 convenit
725 3229 930 3288 constitutioni
953 3229 1082 3288 emissae
1103 3248 1121 3286 a
1144 3227 1345 3288 Constantino
1370 3251 1451 3290 anno
1480 3241 1512 3289 nt
1532 3228 1626 3286 ridetur

316 3323 391 3406 314,
418 3343 497 3392 certe
519 3343 587 3390 ante
609 3351 635 3389 a.
653 3330 712 3389 324
739 3336 908 3409 poteritque
930 3333 1019 3390 etiarn
1042 3333 1078 3390 de
1101 3331 1225 3391 alterins
1248 3341 1359 3407 aetate,
1388 3333 1426 3392 de
1449 3353 1508 3412 qna
1529 3328 1624 3390 aliunde

314 3455 373 3495 non
395 3442 522 3508 constat,
545 3433 613 3493 inde
636 3435 807 3492 coniectura
829 3435 903 3512 oapi.

397 3537 535 3614 Denique
557 3536 636 3613 quod
659 3537 700 3594 ait
719 3535 856 3612 princeps
876 3537 972 3613 legem
992 3537 1131 3595 emissem
1151 3555 1218 3596 esse
1237 3539 1326 3597 etiam
1347 3539 1384 3596 ad
1406 3539 1556 3616 praesides
1571 3551 1624 3611 pro·

312 3641 490 3712 maclarum,
519 3640 649 3698 ostendit
674 3640 756 3716 leges
783 3639 1019 3716 provincialibus
1047 3639 1210 3698 destinates
1234 3661 1273 3699 ex
1295 3642 1364 3718 ipsa
1384 3642 1455 3700 aula
1477 3641 1513 3698 ad
1533 3636 1625 3716 prami-

313 3745 366 3804 des
388 3744 458 3803 illos
480 3743 567 3821 dirigi
589 3743 733 3820 potuisse.
771 3739 851 3802 Sane
873 3741 1047 3819 plerumque
1069 3744 1205 3820 princeps
1228 3744 1311 3822 leges
1335 3744 1377 3802 ita
1399 3744 1482 3802 misit
1502 3743 1538 3800 ad
1558 3757 1623 3816 prae

316 3947 520 3958 --—-——

390 4093 413 4156 ¹)
443 4094 519 4144 Certe
547 4095 701 4161 ubicumque
730 4101 864 4160 praeterea
891 4096 919 4145 in
947 4095 1156 4160 inscriptionibus
1184 4096 1353 4146 nominantur
1380 4097 1486 4148 comites
1513 4106 1623 4146 sacrarum

311 4189 477 4254 largitionum
498 4195 523 4236 et
541 4189 578 4237 rei
597 4189 712 4253 privatae
729 4188 783 4238 sive
797 4189 846 4240 soli
865 4189 918 4239 sire
932 4203 988 4237 cum
1004 4187 1061 4238 aliis
1081 4187 1122 4249 (C.
1136 4187 1186 4238 Th.
1203 4190 1247 4252 ll,
1262 4189 1305 4249 28,
1321 4187 1351 4253 9;
1371 4190 1517 4240 Marcianus
1535 4201 1587 4238 nor.
1599 4187 1622 4239 2:

311 4280 402 4332 lustin.
423 4295 482 4330 nov.
498 4279 552 4342 22),
574 4281 705 4330 evidenter
724 4281 756 4330 de
776 4281 863 4331 officio
883 4295 972 4330 eorum
993 4281 1084 4346 agitur.

387 4370 412 4434 ²)
440 4373 590 4424 Rationales
610 4374 757 4423 dioeceseos
775 4373 886 4423 inveniri
905 4373 957 4423 iam
978 4374 1024 4423 sub
1043 4373 1209 4423 Diocletiano
1229 4379 1256 4423 et
1273 4373 1445 4425 Constantino
1462 4373 1520 4423 alibi
1539 4367 1622 4421 ostendi

312 4463 387 4525 (mem.
409 4459 470 4516 dell'
486 4467 544 4515 inst.
559 4463 628 4515 oreb.
645 4467 669 4526 2,
684 4465 761 4526 325);
782 4466 948 4516 confirmatur
967 4465 1037 4516 hisco
1056 4465 1156 4530 legibus
1175 4469 1350 4532 praepositum
1370 4481 1459 4518 eorum
1476 4465 1544 4516 nudo
1561 4477 1622 4510 roca·

311 4559 372 4608 bulo
391 4559 453 4609 satis
471 4559 624 4622 significari,
650 4559 715 4606 sicut
740 4564 823 4608 aetate
842 4559 950 4608 meliore
969 4559 1037 4608 idem
1057 4559 1183 4623 appellari
1208 4559 1275 4608 solet
1294 4577 1311 4608 a
1329 4558 1469 4610 rationibus
1486 4558 1524 4606 sel
1543 4569 1620 4623 procu·

309 4659 382 4702 rotor
402 4669 419 4700 a
435 4649 577 4700 rationibus
596 4650 664 4700 nnde
683 4649 841 4710 (Hirschfeld
860 4646 1117 4717 Verscaltanpspcscls.
1133 4653 1156 4713 1,
1171 4651 1206 4702 30
1220 4649 1293 4716 seq.).
1324 4655 1394 4702 Ante
1411 4653 1535 4702 inventum
1550 4661 1620 4697 exen-

310 4746 381 4812 plnm
401 4744 522 4795 Cretense
541 4743 719 4808 suppleveram
737 4742 879 4793 rationales
897 4759 950 4794 non
970 4750 1046 4794 recte.

387 4836 411 4899 3)
442 4834 515 4886 Mem.
528 4829 590 4886 dcll'
605 4837 663 4887 inst.
679 4838 704 4899 2,
719 4837 782 4886 322.

386 4927 411 4991 ⁴)
439 4929 557 4993 Magistri
582 4930 697 4994 privatae
722 4935 824 4993 praeter
847 4944 975 4978 summum
1001 4929 1077 4978 ctiam
1102 4927 1258 4980 dioecesium
1284 4931 1445 4996 reperiuntur
1461 4929 1520 4979 item
1538 4925 1619 4977 iudea

309 5022 474 5074 Diocletiano
494 5020 570 5084 (mem.
589 5021 608 5071 l.
623 5038 644 5072 o.
663 5039 689 5086 p.
705 5019 778 5083 321).

387 5112 410 5176 ⁵)
439 5113 541 5164 Primus
567 5115 610 5179 qui
634 5115 762 5164 invenitur
785 5114 912 5164 Eusebius
935 5121 973 5164 est
993 5114 1257 5178 c.Th.10,10,6.
1296 5117 1328 5165 ln
1348 5115 1521 5166 constitutione
1538 5107 1617 5159 adli

309 5207 340 5259 C.
354 5207 404 5257 Th.
421 5209 463 5268 10,
479 5208 503 5269 8,
519 5207 535 5255 2
555 5208 598 5271 qui
618 5213 776 5257 memoratur
794 5208 836 5255 cir
849 5207 1049 5274 perfectissimus
1067 5223 1148 5257 comas
1166 5214 1191 5258 ct
1209 5208 1305 5259 amiects
1317 5215 1400 5258 noster
1411 5209 1432 5258 si
1450 5206 1494 5256 luit
1510 5201 1618 5266 magister

308 5300 437 5364 privates,
461 5299 518 5364 ipsa
537 5301 673 5350 confirmat
691 5315 748 5350 eum
770 5307 828 5350 tunc
847 5316 900 5350 non
919 5299 998 5350 fuisse
1021 5301 1089 5350 inter
1107 5301 1232 5362 illustrem
1256 5301 1357 5352 comitis
1376 5299 1491 5364 uocabulo
1508 5295 1547 5344 vel
1566 5299 1617 5342 tunc

312 5391 448 5452 quominus
468 5397 513 5439 sut
531 5405 621 5440 omnes
639 5391 679 5440 usi
699 5392 751 5441 sint
769 5398 814 5441 aut
831 5399 900 5443 certe
919 5408 984 5442 nnus
1003 5407 1092 5442 eorum
1111 5399 1180 5444 recte
1199 5395 1236 5444 nti
1255 5395 1375 5459 potuerit,
1395 5391 1452 5444 nihil
1469 5387 1576 5452 impedit·
