3284 5936
282 2494 739 2610 ADDITAMENTA
787 2493 1036 2616 QVARTA

341 2719 415 2802 ao
454 2719 713 2805 CORPORIS
747 2719 865 2804 von.
887 2719 971 2802 vn.

23 3053 165 3216 Rstqnam
194 3142 317 3219 sylloge
341 3143 568 3220 inscriptionum
595 3143 836 3203 Britannicarum
863 3144 894 3202 in
920 3140 1065 3218 Corporis
1092 3137 1320 3214 inscriptionum

23 3235 156 3301 Latinarum
172 3245 327 3304 volumine
349 3247 477 3322 septimo
499 3247 610 3306 emissa
625 3255 670 3305 est
691 3265 769 3304 anno
788 3247 877 3316 1871,
900 3245 1075 3323 prodierunt
1096 3243 1127 3301 in
1149 3243 1205 3300 hac
1219 3240 1319 3316 Ephe·

24 3342 103 3402 urride
125 3346 329 3406 additamenta
355 3351 417 3408 eins
442 3351 501 3408 tria
525 3349 583 3407 vol.
607 3349 656 3407 111
682 3368 710 3425 p.
731 3349 910 3407 113--155Ι
935 3344 1110 3407 att—318
1138 3352 1167 3402 et
1192 3342 1250 3400 vol.
1274 3339 1320 3400 IV

22 3447 213 3514 utut-212.
259 3451 327 3510 Iam
349 3469 419 3510 vero
442 3451 555 3527 elapsis
578 3451 678 3510 decem
701 3451 788 3510 annis
812 3459 881 3527 post
903 3450 1066 3508 auctarium
1088 3447 1319 3522 inscriptionum

22 3539 224 3611 Britannicarum
248 3553 412 3614 novissime
438 3555 469 3612 in
495 3555 552 3613 hac
574 3553 774 3631 Ephemeride
800 3553 911 3612 editum
934 3553 1110 3611 adhortante
1131 3549 1319 3608 Mommseno
1379 3533 1381 3540 ¹

22 3645 40 3700 id
56 3668 116 3725 opas
137 3658 268 3732 suscepi,
291 3665 323 3715 ut
345 3656 437 3734 siqui
457 3655 535 3715 tituli
557 3657 635 3715 intra
656 3657 711 3715 hos
728 3674 823 3716 annos
844 3667 895 3715 aut
915 3655 1026 3732 reperti
1048 3661 1099 3714 ant
1120 3653 1226 3712 melius
1248 3649 1320 3710 lecti

21 3761 104 3822 essent,
128 3777 177 3817 eos
202 3759 255 3816 hic
277 3777 496 3836 componerem.
540 3757 659 3818 Titulos
681 3777 756 3835 quos
778 3759 895 3835 quidem
923 3759 1006 3817 adire
1032 3757 1130 3834 potui,
1158 3756 1222 3831 ipse
1250 3772 1319 3812 con-

21 3851 68 3910 tuli:
87 3855 168 3918 libros
191 3861 230 3918 ad
254 3879 316 3919 rem
337 3870 506 3939 spectantes
528 3881 582 3939 pro
597 3863 712 3921 viribus
728 3861 858 3921 excussi.
892 3861 933 3919 Et
955 3862 1060 3920 horum
1076 3858 1195 3935 quidem
1210 3873 1320 3933 magna

21 3967 51 4011 ‘St
71 3961 159 4036 copia3
186 3981 254 4022 cum
281 3963 359 4023 enim
385 3983 545 4042 numquam
567 3965 588 4022 ii
614 3965 726 4024 fuerint
748 3965 907 4041 antiquarii
930 3964 980 4040 qui
1003 3963 1124 4022 chartae
1152 3970 1318 4038 parcerent,

20 4061 62 4114 tuni
81 4079 143 4136 prae
164 4067 274 4126 ceteris
295 4068 352 4126 hos
375 4076 496 4128 nostros
520 4067 667 4127 scribendi
684 4067 833 4144 quoddam
853 4066 1008 4126 cacoethes
1031 4065 1151 4124 invasit.
1185 4062 1320 4120 Eduntur

20 4162 161 4226 societatum
183 4169 480 4246 archaeologicarum
503 4179 579 4244 acta,
601 4172 818 4230 transactiones
842 4169 905 4228 sive
928 4168 1087 4227 memorias
1111 4183 1186 4243 quas
1202 4174 1319 4236 vocant,

7 4263 80 4350 ¹rudis
99 4268 299 4349 indigestaque
319 4273 415 4332 moles
438 4281 467 4332 et
489 4273 626 4349 sepulcro
649 4275 750 4350 potius
773 4272 999 4350 archaeologiae
1017 4289 1108 4347 quam
1127 4278 1318 4328 monumento

7 4353 100 4426 hura
132 4374 257 4432 Accedit
278 4375 359 4452 quod
382 4376 485 4435 titulus
509 4394 585 4436 unus
611 4384 641 4434 et
663 4376 741 4435 idem
764 4377 866 4435 multis
889 4374 963 4433 locis
987 4373 1034 4430 edi
1058 4371 1148 4442 solet,
1176 4371 1207 4429 in
1230 4371 1319 4447 ephe·

19 4469 148 4534 ueridibns
172 4477 302 4553 primum
324 4477 495 4555 oppidanis,
523 4479 630 4538 deinde
650 4477 917 4549 Londiniensibus,
945 4484 1052 4553 postea
1073 4475 1103 4531 in
1126 4473 1201 4531 actis
1225 4473 1320 4532 socie-

19 4576 88 4629 tatum
107 4585 242 4650 quattuor
262 4579 311 4638 vel
332 4579 471 4657 quinque.
507 4580 592 4656 Quae
613 4599 662 4641 res
683 4591 716 4640 ut
738 4581 869 4658 studium
892 4597 963 4637 sana
984 4559 1133 4635 laudabile
1156 4575 1256 4647 habet,
1277 4575 1321 4632 ita

20 4675 90 4731 norit
107 4695 150 4736 me
171 4701 207 4738 ne
230 4700 334 4740 omnes
357 4684 388 4741 in
410 4683 490 4741 omni
512 4685 600 4742 titulo
622 4684 783 4760 scriptores
806 4683 985 4760 adlegarem.
1027 4677 1129 4740 Satius
1153 4678 1250 4736 visum
1273 4685 1321 4736 est

20 4789 86 4833 urm
111 4790 212 4840 testem
239 4783 301 4842 fere
327 4803 446 4862 semper
466 4786 605 4859 laudare,
626 4787 673 4845 W.
690 4787 726 4846 Τ.
739 4786 862 4844 Watkin
884 4785 951 4842 dico
979 4783 1071 4842 civem
1093 4780 1320 4858 Liverpoolien·

22 4887 64 4933 ten
88 4899 174 4959 nuper
195 4895 357 4958 mortuum,
386 4907 473 4964 quem
500 4889 623 4948 honoris
651 4908 743 4948 eausa
765 4887 903 4948 nomino.
947 4883 1016 4943 Fuit
1041 4885 1093 4943 ille
1115 4883 1163 4941 vir
1186 4883 1224 4941 ad
1246 4883 1322 4942 anti-

23 4991 87 5047 quam
107 5003 236 5046 normam
258 4987 368 5062 factus,
395 4991 529 5068 impiger,
556 4991 729 5064 iracundus,
757 4989 967 5060 inexorabilis,
994 4997 1025 5046 et
1046 4995 1078 5046 ut
1099 4985 1249 5044 erroribus
1271 4984 1322 5042 ad-

6 5082 115 5144 ruodum
129 5089 283 5164 obnoxius,
306 5093 349 5151 ita
370 5093 407 5151 de
429 5113 461 5152 re
484 5095 675 5171 epigraphica
690 5095 801 5171 optime
818 5093 951 5152 meritus.
986 5088 1202 5167 Supplementa
1223 5106 1323 5145 annua

6 5232 11 5280 p
24 5179 44 5236 iu
59 5187 232 5262 ephemeride
247 5193 486 5272 Archaeoloqiool
500 5195 627 5256 Journal
648 5198 690 5255 ita
705 5197 807 5268 edidit,
831 5203 862 5254 ut
880 5195 983 5253 titulos
1005 5193 1071 5270 ipse
1093 5191 1155 5251 fere
1170 5207 1322 5266 nunquam

7 5277 161 5539 Ῥοπαὶ,
184 5296 234 5354 sed
250 5297 302 5374 qni
323 5300 433 5376 reperti
448 5308 549 5358 essent
563 5300 721 5378 diligenter
735 5299 900 5374 colligeret,
923 5297 974 5372 qui
996 5294 1156 5354 latuissent
1178 5294 1210 5351 in
1225 5293 1322 5351 lucem

46 5393 187 5457 atraheret.
224 5397 351 5480 Scripsit
371 5401 441 5462 item
464 5421 557 5480 opera
577 5404 691 5462 maiora
712 5401 791 5462 inira
811 5400 945 5474 laudata,
967 5399 1096 5459 verbosa
1116 5395 1171 5456 illa
1191 5395 1321 5474 quidem,

68 5493 122 5556 VII
1056 5501 1093 5558 18
