3374 5930
289 561 363 637 tw
861 577 1042 634 mmfflr

373 758 401 817 7.
426 755 494 817 Deli
518 755 729 832 (Kumanudes
751 757 862 816 Athen.
878 755 920 815 lv
941 777 970 835 p.
988 755 1047 817 tet
1071 777 1100 814 u.
1119 754 1171 831 17)

493 867 579 941 Γαίις
601 868 687 951 zirac
708 869 810 936 Punico
831 873 967 944 Ῥωμαῖος
987 867 1214 960 Ἀριστόμαχος.

374 1016 403 1076 8.
427 1016 553 1076 Athenis
577 1015 625 1092 (C.
641 1017 666 1076 Ι.
682 1019 745 1077 Art
761 1017 819 1088 111,
844 1015 937 1092 1863)

495 1129 611 1198 Λεύκιος
632 1129 770 1212 Αὐφίδιος
793 1129 889 1198 err'or
911 1129 1027 1198 Λεύκιος
1048 1127 1167 1193 Ascalon
1190 1124 1337 1196 Μελιτεύς.

376 1272 940 1352 uummmunmnmm

497 1387 671 1478 Ἀρτιμῖσιις
693 1387 842 1466 Φλαμίνιος
863 1385 980 1452 Λευκίου
1001 1391 1146 1463 Ῥωμαῖος.

360 1535 405 1592 10.
429 1533 558 1592 Athenis
581 1531 630 1610 (G.
646 1533 669 1592 I.
686 1535 747 1594 Att.
763 1533 816 1604 ΙΙΙ,
841 1533 937 1612 3045)

497 1644 622 1716 Πόπλιος
645 1643 793 1738 Κορνήλιος
813 1645 938 1712 Ποπλιίυ
960 1654 1104 1734 Βαρνιιῖοι.

361 1759 935 1868 nimmwnumnmm

499 1913 615 1995 Μᾶρκος
636 1903 782 1972 iioau'vrcc
803 1899 902 1972 Adrou
925 1902 1083 1989 Στὶφιινος.

377 2107 461 2166 Haec
484 2104 631 2182 exempla,
653 2105 763 2182 quibus
780 2123 839 2163 non
855 2104 975 2162 dubium
991 2111 1037 2163 est
1058 2103 1169 2162 similia
1192 2103 1280 2178 plura
1302 2103 1371 2164 addi
1392 2123 1489 2180 posse,
1510 2103 1607 2181 aliqua·

296 2219 383 2270 tenus
411 2209 575 2280 declarant,
604 2207 752 2284 quomodo
776 2205 886 2267 Graeci
913 2207 1022 2266 civium
1045 2205 1249 2264 Romanorum
1277 2206 1479 2266 libertinorum
1506 2207 1608 2265 nomina
1659 2191 1663 2316 i<

298 2311 462 2372 tractarint.
1663 2323 1664 2378 i

381 2413 540 2474 Gentilioia
559 2412 695 2471 Romana
718 2412 879 2472 abhorrent
901 2431 919 2471 a
942 2412 1157 2471 consuetudine
1173 2411 1293 2472 Graeca
1314 2423 1343 2470 et
1366 2411 1548 2472 offenduntur
1565 2411 1608 2469 ali·
1663 2391 1665 2454 i

296 2517 413 2592 quoties
436 2517 467 2574 in
490 2515 584 2574 titulis
607 2523 695 2574 sexto
717 2515 798 2574 urbis
819 2515 934 2576 Romae
958 2515 1077 2576 saeculo
1094 2513 1209 2575 Graece
1231 2516 1409 2591 conscriptis
1425 2515 1547 2574 Romani
1566 2515 1609 2570 ho·
1666 2524 1667 2570 t

297 2621 390 2678 mines
413 2618 479 2676 solo
502 2617 692 2693 praenomine
714 2619 868 2696 appellati,
891 2619 973 2676 utin
996 2617 1137 2676 laterculo
1161 2617 1384 2676 anathematum
1401 2617 1524 2676 Deliaco
1543 2617 1608 2692 (Dio

297 2723 453 2799 tenberger
479 2720 545 2796 syli.
570 2741 599 2778 n.
616 2719 689 2795 367)
716 2719 754 2778 Τ.
779 2717 935 2792 Quinctius
959 2719 1146 2778 Flamininus
1173 2737 1233 2776 cos.
1258 2739 1284 2777 a.
1307 2720 1367 2778 556
1394 2733 1423 2778 et
1449 2719 1536 2778 irater
1557 2719 1609 2775 eius
1669 2724 1671 2812 ζ

296 2823 407 2884 Lucius
437 2830 467 2882 et
489 2825 526 2880 A.
551 2822 661 2881 Atilius
685 2819 845 2894 Serranus,
875 2823 946 2880 item
975 2823 1003 2879 in
1030 2821 1147 2880 decreto
1169 2821 1379 2898 Lampsaceno
1406 2821 1610 2898 (Ditteubergcr
1671 2858 1672 2880 r

298 2947 326 2986 n.
344 2925 419 3001 200)
445 2925 534 2984 iidem
558 2921 700 2998 Quinctii.
745 2921 805 2983 Sed
827 2924 874 2982 vel
900 2924 956 2983 hac
979 2931 1075 2982 aetate
1097 2924 1185 3001 louge
1208 2925 1394 3001 frequentius
1416 2925 1559 3000 gentilicia
1576 2941 1609 2979 re
1672 2924 1673 2936 ¹

297 3031 450 3105 periuntnr
473 3027 644 3100 enuntiata,'
668 3033 700 3084 ut
721 3027 903 3103 gentilicium
929 3027 1040 3085 habent
1066 3027 1096 3084 in
1125 3027 1229 3086 eodem
1257 3027 1401 3086 laterculo
1424 3025 1546 3086 Deliaco
1570 3025 1609 3100 qui

298 3131 386 3190 simui
409 3130 598 3187 nominantur
620 3127 656 3188 O.
672 3129 778 3188 Livius
800 3137 830 3187 et
851 3129 886 3188 P.
903 3125 1063 3187 Cornelius
1087 3125 1189 3206 Scipio
1211 3139 1241 3186 et
1263 3129 1293 3186 iu
1315 3129 1460 3188 laterculo
1482 3147 1609 3206 proxeno

295 3251 363 3291 rum
390 3231 538 3308 Delphico
566 3231 698 3289 eiusdem
728 3233 834 3290 aetatis
863 3229 1090 3308 (Dittenberger
1118 3251 1147 3288 n.
1170 3231 1243 3308 198)
1271 3240 1420 3306 quotquot
1446 3232 1611 3306 reperiuntur

296 3337 376 3394 cives
403 3333 532 3393 Romani
558 3333 645 3392 unico
673 3343 800 3410 excepto
827 3334 877 3410 qui
904 3333 1073 3410 appellatur
1102 3332 1199 3392 torma
1225 3351 1306 3392 mere
1334 3331 1455 3393 Graeca
1480 3326 1612 3414 Nriravdpr

297 3428 486 3518 Μενεκράτης
498 3432 645 3502 Ῥωμαῖοι,
669 3437 756 3495 homo
778 3438 885 3512 opinor
901 3435 1036 3498 Graecus
1058 3435 1178 3494 civitate
1192 3434 1332 3493 Romana
1354 3435 1479 3494 donatus
1494 3445 1524 3495 et
1536 3455 1610 3496 enun-

297 3539 388 3598 tiatus
410 3537 535 3616 hybrida
558 3539 671 3596 nomini
694 3539 816 3614 antiquo
840 3537 942 3596 addita
963 3537 1084 3597 civitate
1099 3555 1200 3596 recens
1216 3536 1385 3612 adsumpta.
1423 3537 1491 3616 Ipse
1504 3539 1541 3598 T.
1554 3537 1610 3596 Fla·

297 3641 427 3700 mininus
450 3639 600 3718 gentilicio
625 3642 716 3700 utitur
738 3649 767 3699 et
788 3641 817 3700 in
839 3640 984 3700 laterculo
1006 3659 1041 3699 eo
1056 3657 1257 3717 proxenorum
1274 3633 1369 3716 (Τίτος
1384 3633 1531 3716 Κιῖγκτιος
1544 3635 1610 3696 Tria

299 3736 356 3804 υἱός
377 3741 529 3817 Ῥωμαῖος)
557 3751 586 3798 et
607 3742 637 3800 in
659 3743 744 3801 titulo
767 3743 931 3802 honorifico
955 3741 1171 3820 Gytheatarum
1198 3741 1427 3820 (Dittenberger
1452 3743 1520 3802 199:
1546 3731 1612 3798 Tr'rer

297 3842 383 3902 Τίτου
399 3836 562 3920 Κοῖγκιιος)
586 3853 616 3902 ct
637 3846 666 3903 in
689 3845 786 3922 ipsius
809 3843 925 3903 decreto
941 3843 1060 3905 Graece
1076 3844 1187 3920 scripto
1210 3843 1439 3924 (Dittenberger
1455 3843 1525 3904 202:
1546 3837 1613 3900 Tr'rrr

298 3939 464 4024 Kasianon).
501 3945 649 4005 Libertini
665 3948 739 4006 civis
754 3945 894 4018 Romani,
914 3947 965 4022 qui
984 3945 1099 4005 Graece
1115 3946 1249 4004 scribens
1265 3947 1447 4024 gentilicium
1463 3947 1612 4006 Romanurn

297 4049 429 4120 omittat,
457 4057 567 4106 certum
591 4050 759 4126 exemplum
783 4047 897 4106 nulium
920 4047 1052 4126 repperi3
1083 4067 1149 4106 nam
1174 4047 1252 4106 tituli
1276 4049 1371 4107 Attici
1399 4048 1548 4109 c.1.att.
1567 4047 1613 4114 ΠΙ,

299 4151 379 4208 2876
407 4151 556 4209 restitutio
579 4150 738 4209 admodum
761 4151 852 4208 dubia
875 4159 971 4209 estet
996 4167 1084 4225 quem
1112 4169 1204 4227 supra
1231 4159 1337 4208 octavo
1365 4151 1431 4209 loc-o
1457 4153 1541 4228 posui
1561 4169 1612 4208 cum

297 4273 404 4310 nornen
428 4253 473 4311 bis
496 4253 637 4321 enuntiet,
661 4263 692 4310 ut
712 4263 790 4311 recte
806 4253 880 4311 vidit
894 4252 1114 4328 Dittenbergcr‚
1137 4261 1167 4309 et
1181 4253 1220 4310 ad
1234 4251 1373 4311 Latinam
1391 4253 1613 4312 consuetudinem

297 4355 393 4412 dictus
420 4345 535 4416 Λεύκιος
562 4348 702 4430 Αὐφίδιος
727 4349 823 4414 Νικίας
849 4363 879 4412 et
901 4353 1019 4414 Graeco
1046 4373 1128 4412 more
1150 4345 1267 4414 Λιόκιός
1289 4349 1424 4422 Λευκίου,
1452 4355 1613 4432 gentilicium

298 4476 356 4514 non
380 4467 439 4513 tarn
464 4457 629 4533 suppressit
650 4475 738 4532 quam
767 4457 797 4513 iu
824 4455 947 4514 alteram
974 4455 1098 4514 formam
1127 4457 1288 4516 transtulit.
1338 4457 1500 4516 Praeterea
1525 4477 1555 4516 ne
1578 4455 1614 4513 bi·

298 4559 414 4634 lingues
436 4558 555 4631 quidem
580 4559 656 4616 tituli
680 4561 710 4616 in
727 4557 843 4618 Graeca
864 4559 962 4617 forma
983 4558 1168 4635 gentilicium
1184 4557 1351 4618 Romanum
1369 4561 1518 4619 omittunt.
1547 4559 1614 4618 Effe-

298 4661 338 4716 cit
360 4659 389 4716 id
411 4659 615 4718 Romanorum
639 4661 718 4736 apud
741 4660 874 4720 Graecos
898 4661 1104 4736 praepotentia
1126 4671 1155 4720 et
1177 4661 1263 4738 quasi
1286 4661 1462 4720 dominatio.
1496 4659 1614 4736 Quodsi

298 4761 474 4820 haberemus
506 4763 653 4821 eiusmodi
685 4762 896 4839 inscriptiones
930 4763 1133 4822 dominatione
1165 4783 1201 4822 ea
1234 4765 1414 4838 anteriores,
1449 4765 1512 4824 sine
1540 4763 1613 4821 dubio

298 4864 491 4922 ostenderent
516 4865 589 4923 haec
610 4883 728 4940 qnoque
750 4865 870 4923 nomina
892 4873 924 4924 ut
951 4866 1109 4943 peregrina
1138 4865 1254 4942 reliqua
1276 4866 1314 4924 ad
1337 4865 1484 4926 Graecam
1505 4867 1613 4925 sormam

298 4965 428 5024 redacta.
467 4963 527 5025 Sed
548 4985 566 5022 a
589 4966 668 5024 bello
691 4966 761 5024 inde
781 4967 950 5041 Philippico
973 4967 1053 5025 cives
1073 4966 1201 5025 Romani
1226 4985 1284 5026 non
1307 4967 1403 5026 solum
1427 4969 1550 5042 nobiles,
1568 4963 1612 5024 sed

299 5067 386 5125 etiam
410 5067 501 5124 infimi
524 5069 637 5127 ordinis
660 5067 776 5144 ipsique
798 5068 928 5126 libertini
951 5070 1009 5128 hoc
1036 5069 1242 5140 obtinuerunt,
1272 5078 1306 5128 ut
1335 5089 1354 5127 a
1376 5068 1501 5130 Graecis
1526 5067 1612 5128 distin-

298 5177 459 5248 guerentur
486 5177 600 5228 retenta
627 5169 755 5229 nominis
782 5169 877 5230 forma
904 5172 1009 5246 patria.
1055 5171 1196 5230 Pervenit
1222 5173 1279 5231 hoc
1302 5191 1421 5250 quoque
1443 5171 1609 5249 privilegium

298 5273 368 5335 item
392 5271 429 5334 ad
452 5271 531 5330 cives
554 5271 738 5344 coloniarum
759 5271 946 5346 Latinarum,
969 5281 1001 5334 ut
1023 5275 1100 5334 inter
1120 5293 1279 5352 proxenos
1300 5275 1464 5353 Delphicus
1485 5271 1613 5334 invenitor
