3374 5930
325 726 397 804 430
916 741 1057 805 bassati

409 925 456 985 ro.
482 927 529 984 00.
573 926 696 986 00001
718 926 837 998 turiani,
859 927 970 1004 repere
993 925 1072 983 cirea
1089 925 1240 983 veronam
1264 924 1490 983 erueremus
1512 922 1538 980 0
1560 919 1636 980 sonu.

324 1027 415 1087 snas.
443 1027 524 1088 0000
551 1019 587 1086 ef.
616 1027 710 1088 sose:
745 1007 834 1108 imp.
860 1007 928 1082 vn
959 1005 1124 1082 000111.
1188 1025 1307 1087 simum
1334 1027 1458 1086 miliarii
1484 1043 1544 1100 rep.
1570 1035 1637 1079 cans

322 1130 424 1206 rugum
446 1131 567 1208 Alpium
596 1151 689 1209 prope
711 1132 893 1204 tunsarum,
921 1129 1081 1190 1115983.
1106 1130 1202 1190 ease:
1229 1110 1320 1209 imp.
1340 1107 1410 1182 Vll
1438 1133 1510 1183 cos.
1529 1103 1637 1200 11111).

322 1231 397 1291 Illos
419 1242 546 1306 constat,
570 1253 637 1293 cum
653 1235 787 1293 Iulianus
808 1235 926 1293 tertium
947 1235 1051 1294 consul
1066 1234 1247 1310 processerit
1261 1252 1288 1290 a.
1302 1233 1373 1306 361,
1390 1241 1529 1309 quartum
1544 1249 1568 1288 a.
1580 1229 1636 1300 363,
1672 1241 1673 1306 3

322 1336 437 1410 positos
460 1353 528 1394 esse
550 1356 576 1395 a.
594 1336 651 1395 361
677 1345 728 1395 001
750 1356 776 1394 a.
794 1335 863 1410 362,
886 1337 916 1395 in
939 1337 1018 1414 quod
1041 1345 1157 1413 tempus
1178 1335 1285 1394 incidit
1304 1335 1426 1408 Iuliani,
1455 1335 1493 1393 ad
1515 1331 1637 1392 Caesaris

321 1437 496 1514 dignitatem
517 1439 612 1498 evecti
634 1439 663 1498 d.
687 1438 714 1496 6.
737 1437 815 1498 Non.
840 1439 899 1498 355
910 1437 956 1515 ²),
984 1457 1079 1497 annus
1107 1439 1224 1514 imperii
1251 1439 1407 1514 septimus.
1457 1436 1494 1494 ln
1520 1435 1636 1492 miliariis
1672 1423 1673 1494 i

321 1543 447 1618 repertis
468 1560 562 1619 prope
576 1541 755 1612 Innsbruclr,
778 1543 894 1612 erectis,
917 1542 943 1599 si
965 1541 1039 1600 fides
1059 1547 1106 1599 est
1126 1557 1249 1599 numero
1265 1539 1442 1598 consulatus
1457 1539 1637 1616 quaternario,
1672 1521 1673 1528 ¹

321 1661 400 1701 anno
422 1643 541 1702 demum
564 1643 639 1716 363,
666 1662 726 1720 quo
749 1653 881 1722 tempore
904 1643 1038 1702 lulianus
1060 1643 1119 1702 iam
1141 1651 1278 1701 octavum
1300 1641 1455 1719 potentiae
1477 1659 1579 1699 00000
1602 1641 1638 1696 in·
1672 1665 1673 1738 1

319 1744 490 1819 choaverat,
513 1765 614 1806 errore
636 1753 689 1804 aut
711 1746 851 1806 dictantis
874 1756 926 1806 aut
946 1746 1138 1806 scribentium
1160 1745 1335 1804 crediderim
1357 1753 1409 1802 aut
1432 1745 1570 1803 omissam
1583 1759 1637 1800 esse

318 1856 389 1924 post
410 1851 478 1924 imp.
496 1848 560 1906 VII
577 1849 719 1908 lineolam
742 1859 794 1908 aut
815 1849 959 1908 adiectam
987 1849 1018 1907 in
1045 1867 1101 1908 coa.
1123 1847 1204 1906 IIII.
1253 1845 1342 1922 Quae
1363 1848 1537 1906 coniectura
1556 1845 1579 1904 01
1598 1845 1637 1902 001
1672 1861 1673 1924 r

318 1949 407 2010 nimis
430 1951 528 2010 audax
550 1951 708 2024 videbitur,
731 1953 899 2011 meminerit
920 1952 1019 2024 velim,
1042 1960 1180 2010 sescenta
1201 1949 1311 2010 menda
1329 1949 1418 2008 buius
1438 1950 1553 2026 generis
1566 1965 1635 2022 repe·

318 2053 370 2110 riri
392 2053 422 2110 10
444 2054 689 2130 inscriptionibus
711 2055 923 2132 imperatorum
946 2073 1040 2131 paene
1062 2054 1194 2112 omnium
1217 2051 1287 2110 inde
1309 2053 1347 2110 ab
1375 2061 1506 2110 exeunte
1530 2048 1635 2110 saeculo

318 2173 347 2230 p.
364 2153 435 2216 cur.
459 2157 607 2233 altero³),
634 2167 664 2218 01
686 2157 842 2216 mirabitur
866 2165 925 2217 tam
946 2175 1015 2215 raro
1038 2157 1210 2233 discrepare
1231 2155 1262 2213 in
1285 2153 1534 2232 inscriptionibus
1558 2171 1634 2227 snpra
1672 2119 1673 2182 1

317 2257 419 2318 relatis
441 2278 595 2320 numerum
617 2261 762 2320 vocabulo
784 2261 972 2338 imperatoris
993 2259 1177 2337 adscriptum
1201 2259 1238 2316 ab
1261 2258 1348 2316 annis
1371 2257 1535 2334 regnantis.

400 2362 562 2421 Praeterea
583 2363 641 2420 buc
661 2365 811 2440 pertinent
1672 2417 1673 2434 ,

403 2465 450 2524 18.
477 2465 589 2524 nummi
615 2465 696 2524 aurei
719 2465 884 2525 Theodosii
906 2465 1032 2524 iunioris
1057 2464 1187 2539 (Eckbel
1212 2465 1229 2522 8
1258 2484 1287 2540 p.
1311 2464 1386 2531 182,
1413 2462 1552 2524 Sabatier
1569 2481 1633 2520 cron-
1672 2441 1673 2522 1

316 2569 396 2626 eroice
423 2567 583 2642 byzantinos
612 2569 626 2625 1
657 2589 685 2645 p.
708 2569 766 2627 115
793 2590 821 2628 n.
843 2569 939 2644 5-1)
964 2567 1101 2643 inscripti
1127 2547 1215 2646 imp.
1235 2545 1412 2620 XXXXII
1440 2573 1516 2622 eos.
1533 2541 1630 2618 XVII.

316 2665 393 2730 (ium
422 2669 613 2728 Theodosius
641 2670 787 2729 decimum
816 2671 975 2747 septimum
1003 2670 1193 2728 consulatum
1226 2671 1327 2728 inierit
1359 2689 1441 2729 anno
1469 2670 1542 2740 439,
1572 2667 1631 2724 duo
1672 2663 1673 2752 1

314 2771 527 2832 devicesImum
551 2792 576 2831 a.
594 2773 670 2843 444,
697 2793 830 2850 purpura
855 2781 955 2830 autem
981 2771 1101 2830 indutus
1130 2773 1171 2830 sit
1196 2792 1275 2832 anno
1298 2771 1374 2844 402,
1402 2773 1466 2831 iam
1487 2769 1629 2830 Eckbelius

304 2874 350 2949 .(l.
366 2877 406 2950 0.)
429 2875 545 2948 statuit,
575 2893 698 2934 numero
720 2875 880 2934 XXXXII
903 2874 1064 2952 significari
1085 2893 1145 2932 000
1172 2875 1403 2934 acclamationes
1433 2872 1628 2953 imperatorias

315 2978 369 3037 sed
390 2995 485 3037 annos
506 2978 589 3056 regni
612 2978 816 3038 Theodosiani
826 2977 865 3055 ⁴).

396 3079 461 3139 Iam
483 3081 634 3156 quaeritur
657 3089 753 3140 utrum
775 3082 890 3158 primus
905 3079 1112 3139 Diocletianus
1135 3097 1171 3138 eo
1193 3098 1280 3156 quem
1297 3079 1428 3141 vidimus
1449 3081 1537 3142 modo
1550 3093 1627 3138 annos

314 3182 432 3260 imperii
453 3185 652 3242 numeraverit
672 3193 702 3243 et
723 3203 878 3243 numerum
900 3183 1089 3260 imperatoris
1111 3181 1256 3241 vocabulo
1282 3183 1415 3242 adscribi
1443 3184 1562 3243 solitum
1583 3181 1627 3238 bue
1672 3249 1673 3278 1

313 3285 513 3359 transtulerit,
547 3306 586 3345 00
613 3287 859 3346 consuetudinem
886 3287 1055 3345 inchoatam
1089 3285 1126 3343 ab
1156 3284 1224 3344 aliis
1258 3285 1450 3346 stabiliverit.
1504 3283 1627 3346 Difficilis
1672 3279 1673 3344 i

313 3396 411 3448 autem
434 3398 481 3448 est
502 3389 650 3464 quaestio,
672 3390 753 3466 quod
775 3389 933 3448 admodum
956 3407 1025 3447 raro
1047 3387 1194 3465 reperitur
1216 3389 1248 3446 in
1270 3388 1521 3466 inscriptionibus
1534 3383 1628 3446 saeculi
1672 3359 1673 3452 1

312 3509 342 3568 p.
358 3489 429 3550 Chr.
452 3492 533 3550 tertii
555 3496 622 3568 imp.
645 3511 711 3550 cum
734 3512 855 3551 numero
878 3493 1004 3551 adiecto.
1042 3488 1164 3550 Certum
1186 3489 1313 3563 videtur,
1334 3491 1442 3552 eodem
1466 3491 1563 3562 modo,
1580 3504 1628 3563 qno

312 3593 482 3668 superiores
504 3594 662 3670 principes,
685 3596 773 3653 etiam
788 3595 983 3654 Maximinum
1005 3594 1202 3652 acclamatum
1224 3611 1292 3653 csse
1315 3595 1527 3670 imperatorem
1546 3607 1571 3650 et
1587 3607 1627 3648 eas
1672 3613 1673 3656 3

311 3695 541 3754 acclamationes
564 3697 781 3768 numeravisse;
805 3698 951 3773 reperitur
973 3697 1051 3755 enim
1073 3698 1105 3754 in
1119 3697 1183 3755 eius
1198 3697 1446 3773 inscriptionibus
1464 3689 1631 3772 stuprati

311 3797 501 3856 coniunctum
524 3817 592 3858 cum
613 3802 679 3874 imp.
692 3799 750 3856 III
768 3799 826 3874 (III
848 3799 938 3859 3736.
961 3799 1010 3857 III
1032 3795 1062 3858 S.
1081 3797 1186 3874 8060),
1215 3799 1280 3857 trib.
1298 3809 1361 3875 pot.
1377 3799 1436 3856 ΙΙΙ
1452 3817 1520 3858 cum
1534 3802 1596 3873 imp.
1610 3791 1632 3850 V
1672 3827 1673 3864 1

310 3897 672 3973 (V11110021.10073.
703 3901 812 3961 00005.
841 3901 918 3979 spu.
946 3919 992 3976 ep.
1017 3900 1049 3973 a,
1078 3899 1147 3957 004.
1182 3899 1211 3970 0,
1238 3900 1370 3976 stam),
1400 3895 1633 3982 stupentur
1672 3879 1673 3970 1

310 4018 376 4060 cum
398 4005 466 4078 emp.
485 4003 574 4079 010
591 4003 695 4079 0001),
719 4004 781 4062 ura
801 4015 860 4080 por.
880 4003 908 4062 V
926 4023 991 4062 eum
1013 4007 1080 4080 emp.
1099 4003 1164 4061 00
1182 4001 1229 4078 (11
1251 4003 1358 4079 4000).
1395 4003 1512 4062 norem
1531 4003 1629 4060 aueum
1672 3979 1673 4050 i

309 4102 518 4182 inscriptiones
542 4103 687 4164 Gordiani
711 4105 889 4163 v1114218
912 4105 1142 4182 (trrupouffl
1161 4108 1228 4181 irup.
1251 4105 1333 4180 ΙΙΙ),
1357 4103 1435 4164 v111
1456 4104 1537 4163 5701
1561 4101 1627 4180 (trib.
1672 4093 1673 4156 1

306 4215 366 4280 pot.
389 4205 418 4265 V
432 4211 499 4282 imp.
520 4207 592 4282 VI),
618 4207 696 4283 pr.
724 4227 771 4284 ep.
794 4207 824 4278 5,
849 4209 927 4267 1046
951 4209 1032 4283 (imp.
1052 4207 1121 4279 VII,
1152 4207 1216 4266 sine
1238 4227 1361 4266 numero
1385 4209 1561 4267 tribuniciae
1584 4223 1627 4280 po

308 4308 450 4384 testatis).
498 4311 539 4367 At
567 4311 598 4367 in
621 4307 750 4368 Gallieni
777 4309 1018 4386 inscriptionibus
1041 4307 1177 4367 112200
1200 4307 1359 4386 (tribpot.
1383 4309 1454 4369 IIII
1476 4313 1544 4387 imp.
1565 4305 1626 4380 ΙΙΙ)

308 4417 338 4466 01
358 4409 436 4468 VIII
458 4411 536 4470 1487
561 4409 640 4486 (trit.
658 4419 717 4487 pot.
734 4411 769 4468 X
787 4415 855 4488 imp.
870 4411 920 4486 X)
944 4411 1001 4470 iarn
1025 4419 1150 4489 apparat
1172 4411 1303 4472 affinitas
1326 4413 1458 4472 0010100
1481 4427 1626 4470 nnmerum
1672 4419 1673 4424 ’

307 4513 453 4571 vocabulo
478 4513 666 4591 imperatoris
695 4513 874 4590 adscriptum
902 4523 932 4573 et
960 4533 1113 4574 numerum
1140 4515 1317 4574 tribuniciae
1343 4515 1518 4592 potestatis,
1546 4527 1624 4590 qnam
1672 4507 1673 4514 ’

382 4802 406 4866 ¹)
426 4805 524 4857 Siuuilis
544 4811 583 4856 001
601 4806 679 4856 etiam
698 4805 825 4857 miliarina
844 4805 927 4856 editus
947 4807 1014 4872 Eph.
1031 4821 1072 4870 ep.
1092 4809 1119 4870 4,
1139 4807 1202 4871 540,
1221 4807 1266 4858 sed
1286 4808 1311 4858 10
1332 4821 1363 4858 00
1383 4805 1526 4858 consulatus
1546 4815 1621 4854 nume·
1672 4823 1673 4842 u

304 4907 348 4945 rus
366 4897 451 4960 periit.

381 4985 405 5050 ²)
426 4990 581 5040 Ammianus
601 4991 644 5053 15,
666 4993 690 5054 8,
712 4993 755 5040 17.
1672 4981 1673 5038 1

380 5077 405 5141 ³)
425 5079 465 5130 Cf.
487 5096 552 5145 qnae
571 5081 638 5130 dixit
655 5083 800 5134 Mommsen
821 5080 932 5134 Statulae.
952 5081 1000 5134 11³
1021 5102 1047 5149 p.
1062 5086 1112 5135 801
1134 5085 1228 5136 0013.

378 5171 404 5234 ⁴)
424 5171 548 5223 Eckhelio
573 5175 742 5240 adstipulatus
767 5183 805 5224 est
828 5176 972 5227 Mommsen
999 5174 1086 5228 Neues
1109 5175 1206 5228 Arulis
1228 5177 1256 5241 s.
1281 5175 1326 5228 rilt.
1350 5171 1458 5228 deutsche
1483 5169 1621 5225 Geeude'clte
1672 5155 1673 5240 1

304 5265 339 5313 ue
357 5279 384 5329 p.
399 5263 442 5314 aa.
1672 5277 1673 5280 ¹

380 5351 404 5416 ⁵)
424 5355 512 5407 Semel
529 5358 656 5421 reperitur
675 5357 733 5408 trid.
750 5357 866 5426 001111
881 5361 1046 5413 coniunctum
1066 5377 1123 5414 enm
1142 5362 1202 5431 imp.
1217 5359 1257 5414 VI
1273 5363 1350 5426 (VIII
1370 5359 1469 5423 10041),
1492 5363 1618 5410 01000001
1672 5339 1673 5386 3

303 5444 409 5495 uidetur.
