3322 5928
42 668 72 719 :rs
319 661 551 721 svcrstnvu.
605 661 808 723 rnovntcrn
837 663 1009 724 nvnrnrs.
1252 643 1324 725 257

37 843 114 918 priore,
133 853 171 913 st,
191 849 222 900 ut
243 853 347 902 monet
370 844 552 916 Mommsen,
575 865 629 922 pro
649 847 670 904 d
690 846 792 906 litters
814 845 979 922 scripturae
1001 845 1156 916 cursivae,
1179 864 1268 923 quam
1289 845 1328 904 ad

37 945 85 1001 lune
108 946 216 1022 figuram
242 965 341 1024 prope
370 947 510 1006 accedere
538 955 686 1008 monstret
714 948 816 1008 tabula
842 948 939 1024 prima
967 947 1262 1025 Zangemeisteriaua
1289 949 1327 1006 ad

37 1043 57 1102 C.
69 1047 111 1103 rol.
121 1045 159 1104 IV
177 1047 316 1106 adiuncta
339 1051 370 1108 in
392 1049 452 1108 fine
480 1083 514 1093 -
546 1051 590 1122 id,
617 1051 753 1128 inquam,
780 1051 855 1110 satis
877 1051 1089 1128 comprobatur
1110 1051 1250 1110 horarum
1272 1070 1326 1110 nu·

36 1148 105 1218 ueris,
127 1153 172 1223 qui
191 1151 293 1210 fundis
317 1151 449 1228 siugulis
471 1153 612 1229 adscripti
635 1161 719 1228 sunt,
746 1153 929 1229 comparatis
953 1172 1019 1212 cum
1042 1171 1145 1212 eorum
1167 1154 1326 1226 mensuris,

36 1267 85 1324 quus
106 1253 221 1310 numeris
249 1261 323 1329 post
353 1269 373 1311 ιι
401 1255 508 1331 positis
538 1255 683 1314 contineri
712 1255 881 1314 statuimus.
933 1253 990 1314 cui
1019 1255 1129 1314 rationi
1158 1256 1327 1332 quicunque

35 1353 204 1412 examinaverit
224 1355 359 1414 labellus
381 1355 537 1415 fundorum
560 1357 761 1434 bonarumque
783 1357 861 1416 inira
883 1375 902 1416 a
922 1375 970 1416 me
993 1359 1165 1434 propositas
1187 1358 1258 1433 quin
1275 1357 1327 1415 ad·

36 1453 152 1528 stipuletur
171 1456 265 1517 lacere
293 1478 356 1516 non
381 1458 497 1534 poterit.
546 1459 666 1518 Etenim
693 1459 782 1518 horas
808 1458 857 1518 vel
884 1459 1001 1535 copiam
1029 1477 1123 1536 aquae
1149 1459 1328 1518 distribuen-

36 1555 71 1610 dae
87 1560 207 1616 constitui
229 1579 284 1636 pro
308 1561 495 1638 singulorum
518 1562 674 1620 fundorum
698 1561 900 1640 magnitudine
922 1579 960 1620 ex
983 1561 1027 1620 eis
1050 1563 1239 1620 manifestum
1269 1571 1324 1620 est.

36 1653 92 1726 Quae
110 1661 200 1737 regula
220 1681 287 1721 cum
315 1664 448 1740 pessime
475 1666 621 1736 turbetur,
650 1665 676 1724 si
703 1665 792 1722 etiam
819 1663 894 1722 illud
917 1682 938 1722 u
965 1664 1044 1723 sicut
1073 1664 1198 1723 alteram
1224 1673 1326 1722 uotam

35 1775 69 1831 pro
85 1775 115 1818 cc
132 1780 191 1820 esse
213 1765 350 1824 dicamus
373 1799 414 1808 -
435 1785 489 1824 uec
510 1767 610 1825 miuus
634 1767 696 1825 vice
720 1785 815 1840 versa,
839 1767 865 1826 si
885 1766 962 1826 hanc
981 1765 1197 1825 confundamus
1218 1785 1285 1825 cum
1306 1782 1328 1824 a

35 1857 116 1936 (²1³),
134 1897 169 1908 -
190 1877 292 1926 contra
315 1867 483 1946 praefulget
504 1869 586 1928 clare
607 1875 636 1926 et
658 1869 787 1940 stabilis,
811 1869 836 1928 si
858 1867 889 1928 id
909 1869 1081 1945 accipimus,
1104 1878 1137 1928 nt
1151 1868 1248 1940 docui,
1271 1885 1325 1944 pro

36 1959 81 2018 tlt.
108 1999 139 2008 —
168 1967 201 2026 n.
218 1987 245 2046 g.
265 1971 298 2043 1,
323 1970 360 2028 12
384 1990 450 2029 cnm
472 1971 564 2029 tundo
586 1988 605 2029 ιι
627 1969 688 2030 220
710 1969 910 2030 attribuantur
932 1971 1023 2031 horae
1045 1987 1089 2044 111,
1114 1971 1145 2043 I,
1170 1969 1206 2029 16
1234 1969 1326 2028 fundo

36 2066 105 2123 1450
122 2069 204 2129 horae
224 2089 253 2130 vr
270 2087 302 2145 e,
330 2092 397 2131 cnm
419 2073 463 2132 eis
486 2073 617 2132 numeris
640 2073 751 2150 optime
774 2073 955 2132 conveniunt
976 2075 1067 2132 horse
1087 2089 1127 2132 νιι
1149 2087 1164 2131 s
1191 2071 1326 2149 adscrip-

36 2179 67 2222 tae
82 2165 156 2229 lundo
176 2174 266 2233 nsoo
288 2175 317 2248 Ι,
338 2176 385 2246 14,
408 2195 484 2252 quae
504 2175 625 2234 minime
639 2175 856 2254 responderent
871 2176 962 2236 tundo
985 2174 1088 2235 1200.
1126 2173 1325 2251 Quamquam,

36 2278 55 2322 ul
70 2269 182 2345 indicari,
202 2287 266 2335 tota
287 2277 367 2336 rutio
389 2298 428 2337 ex
449 2277 567 2336 tabellis
590 2279 662 2337 meis
684 2278 805 2338 elucens
829 2279 924 2356 mugis
947 2277 1055 2337 idonea
1077 2277 1181 2337 estad
1203 2294 1327 2355 persna-

37 2367 127 2431 drndum
146 2393 227 2451 quam
251 2380 309 2437 hoc
331 2380 380 2438 vel
402 2380 475 2438 illud
498 2381 678 2456 exemplum.
707 2415 745 2424 -
773 2380 848 2439 Erat
870 2389 967 2439 autem
990 2380 1020 2438 in
1043 2381 1082 2438 iis
1111 2379 1326 2458 componendis

36 2471 85 2530 bene
102 2477 326 2556 distinguendum
350 2482 427 2540 inter
453 2501 547 2558 aquae
570 2481 752 2541 Claudianae
779 2482 988 2542 descendentis
1017 2491 1108 2558 atque
1134 2482 1324 2542 ascendentis

37 2591 159 2649 mensures
179 2602 244 2641 nam
267 2603 366 2661 aquae
389 2585 584 2658 ascendentis,
609 2595 641 2643 nt
663 2604 717 2660 par
739 2595 795 2656 eat,
819 2585 930 2662 quippe
952 2583 1059 2642 lentius
1079 2583 1208 2656 fluentis,
1233 2583 1326 2642 multo

37 2676 106 2746 plnres
124 2683 203 2742 boras
224 2687 362 2746 ridemus
385 2687 544 2745 attributas
567 2705 635 2745 esse
657 2687 791 2745 eiusdem
814 2686 1028 2763 magnitudinis
1051 2687 1132 2764 agris
1156 2705 1246 2763 quam
1276 2685 1324 2745 de·

39 2781 172 2844 crendentis.
214 2785 356 2847 Ceterum
379 2790 460 2866 quod
482 2807 560 2864 aqua
582 2787 751 2848 Claudiana
773 2788 956 2848 descendens
978 2789 1128 2847 invenitur
1149 2808 1188 2847 ex
1214 2787 1264 2848 die
1284 2803 1325 2846 νιι

38 2879 61 2932 sl
75 2883 156 2944 vKal.
172 2887 294 2950 Octobr.
318 2892 372 2966 (=
387 2890 469 2968 Sept.
487 2890 634 2968 25-27),
657 2910 684 2950 s.
700 2891 727 2950 d.
744 2907 803 2948 xnn
819 2889 890 2951 Kal.
905 2889 985 2948 Nov.
1009 2889 1061 2964 (=
1080 2887 1146 2948 Oct.
1166 2889 1228 2966 19),
1251 2909 1279 2948 a.
1296 2889 1323 2948 d.

40 2994 72 3038 ιιιι
88 2985 142 3044 Kal.
156 2987 229 3050 Nos.
254 2993 307 3068 (=
326 2991 392 3051 Oct.
411 2991 474 3068 Ἧι),
497 3013 524 3052 a.
540 2993 567 3050 d.
583 3009 625 3050 xv
647 3001 677 3050 et
698 3009 758 3051 ιιιιιι
774 2991 845 3050 Kal.
861 2993 937 3052 Dec.
965 2990 1017 3068 (=
1034 2988 1115 3050 Nov.
1135 2991 1263 3067 17.18)‚
1286 3010 1325 3050 ex

39 3081 67 3138 lie
82 3103 120 3145 νιιι
138 3089 202 3150 Kal.
217 3093 294 3152 Dec.
317 3093 356 3153 ad
374 3093 444 3153 Kal.
460 3095 535 3154 Dec.
559 3095 612 3169 (=
628 3093 708 3154 Nos.
726 3093 891 3154 tt-Des.
911 3094 952 3170 1),
975 3093 1141 3153 ascendens
1164 3102 1264 3152 eutem
1286 3113 1325 3153 ex

39 3183 69 3241 lle
83 3205 120 3246 ιιιι
139 3195 171 3252 nd
193 3211 253 3254 vnn
273 3197 346 3255 Kal.
367 3195 446 3254 Noc.
470 3197 523 3273 (=
541 3195 607 3256 Oet.
625 3195 777 3272 20-25),
806 3217 844 3255 ex
866 3196 914 3255 die
939 3213 991 3254 ιιιιι
1015 3196 1052 3254 ad
1076 3211 1136 3254 vnn
1158 3193 1229 3253 Kal.
1250 3195 1324 3254 Deo.

39 3283 308 3376 l=Nor.19-23):
339 3300 412 3357 baec
438 3300 641 3359 descensionis
669 3299 915 3376 ascensionisque
944 3297 1120 3357 vicissitudo
1147 3315 1183 3356 eo
1211 3297 1326 3356 videtur

39 3385 136 3454 issillime
155 3417 240 3474 posse
263 3401 419 3477 explicari,
442 3402 522 3478 quod
544 3401 677 3460 fonteio
697 3401 802 3460 mediis
821 3401 884 3460 fere
907 3400 987 3476 agris
1002 3401 1070 3473 sito,
1093 3399 1201 3476 quibus
1217 3416 1325 3475 aquam

39 3483 186 3574 largiebatur,
214 3523 280 3562 cum
303 3504 326 3562 ii
347 3511 448 3562 essent
469 3503 596 3562 acclives
619 3503 874 3578 inaequabilesvc,
902 3512 934 3559 ut
960 3519 1063 3560 omnes
1091 3501 1230 3578 deinceps
1257 3499 1324 3560 irri-

39 3605 149 3671 sarens,
175 3607 260 3663 modo
291 3605 429 3664 deorsum
458 3606 546 3664 modo
573 3623 690 3664 sursum
721 3624 801 3682 aqua
827 3614 959 3663 curreret
985 3621 1108 3663 necesse
1136 3605 1201 3662 suit.
1256 3601 1324 3677 Quo

38 3687 82 3750 loco
98 3717 188 3776 aquam
210 3709 386 3778 ascendere,
414 3725 529 3767 sursum
551 3727 669 3766 currere
691 3727 751 3766 non
773 3707 893 3785 proprie
916 3706 974 3764 dici
1001 3707 1053 3764 vix
1082 3716 1128 3764 est
1154 3705 1235 3782 quod
1261 3723 1324 3763 mo-

40 3809 102 3857 usum,
137 3805 293 3868 Enimvero
315 3811 353 3869 ud
376 3811 443 3868 loca
468 3811 609 3869 interiora
635 3830 702 3870 cum
729 3819 809 3869 certe
836 3827 876 3867 ex
902 3809 968 3885 ipso
996 3808 1077 3866 fonte
1103 3817 1246 3884 protenus
1273 3807 1322 3864 de·

40 3891 118 3976 lueret,
141 3909 175 3966 ad
195 3913 351 3988 superiora
373 3913 511 3970 machina
531 3914 634 3971 nescio
657 3931 717 3988 qua
738 3911 768 3969 in
790 3911 1012 3987 receptaculum
1035 3911 1136 3969 levata
1158 3910 1237 3968 tubis
1260 3919 1325 3968 erat

40 3995 140 4065 ducende„
186 4011 331 4086 Quemvis
353 4015 443 4092 igitur
464 4015 553 4073 etiam
576 4015 613 4072 nd
636 4034 672 4072 ea
693 4033 799 4073 revera
820 4031 856 4072 ac
878 4013 999 4090 proprie
1021 4031 1099 4090 aqua
1121 4011 1324 4084 descenderet,

41 4106 105 4164 ltuen
125 4113 151 4170 in
175 4133 311 4176 sermone
335 4117 450 4193 volgari
475 4125 537 4175 tum
564 4135 630 4175 eam
657 4117 817 4175 ascendero
844 4115 902 4173 dici
929 4115 1062 4191 potuisse
1087 4115 1177 4173 facile
1205 4123 1253 4173 est
1278 4114 1324 4173 in·

42 4203 127 4270 telles„
169 4213 280 4296 Utique
302 4227 400 4278 nutem
423 4219 515 4278 multo
543 4219 611 4295 plus
639 4219 780 4294 temporis
806 4235 884 4296 opus
912 4217 1006 4276 fuisse
1032 4217 1072 4275 ad
1098 4235 1200 4292 parem
1227 4234 1323 4292 aquae

42 4309 119 4381 opiam
137 4317 174 4376 ita
198 4321 402 4380 deducendam
428 4322 466 4380 ed
491 4322 559 4380 loca
588 4321 756 4398 superiora,
783 4321 922 4380 nimirum
951 4319 1045 4392 tubis,
1070 4336 1159 4378 cursu
1180 4318 1322 4377 adstricto

42 4415 96 4560 ique
113 4418 251 4496 inpedito,
276 4423 428 4501 quemad
451 4423 601 4496 inferiora,
624 4425 689 4483 sine
712 4423 802 4498 tubis,
825 4441 914 4482 cursu
936 4421 1024 4498 pleno
1046 4439 1081 4480 ue
1100 4421 1204 4495 libero,
1227 4419 1324 4480 mani·

50 4519 113 4576 utum
131 4533 179 4585 est.
