3374 5930
458 2142 986 2260 osssuuvlulouus
1033 2142 1517 2258 urluslrfflulu.

319 2553 404 2614 XLI.
448 2553 642 2617 SENATVS
671 2553 934 2616 CONSVLTVM
960 2554 1019 2613 DE
1048 2551 1288 2614 SVMPTIBVS
1318 2552 1522 2613 LVDORVM
1545 2549 1615 2611 Gut-

698 2673 1003 2736 DlATORlORVM
1033 2673 1271 2734 MINVENDIS

763 2815 915 2868 FACTVM
943 2818 978 2866 A.
998 2815 1028 2866 P.
1049 2815 1079 2866 Ο.
1102 2815 1203 2873 176Ι7.

292 3215 459 3290 ιΙῑιιιιῐειιι
483 3213 567 3272 illam
589 3223 704 3289 pestem
726 3215 809 3272 nulla
831 3215 977 3273 medicina
999 3213 1099 3272 sanari
1122 3230 1220 3290 posse.
1265 3211 1331 3272 Nec
1357 3221 1487 3291 poterat:
1513 3231 1555 3269 re·
1604 3225 1611 3260 1

315 3335 381 3374 rum
404 3317 496 3376 nostri
520 3317 680 3394 principes,
703 3317 810 3392 quibus
834 3335 920 3374 omne
943 3317 1074 3374 studium
1092 3328 1138 3374 est
1159 3325 1270 3392 quanto
1292 3315 1376 3393 lilbet
1397 3316 1500 3374 morbo
1513 3332 1554 3372 sa-

314 3417 405 3476 lutem
428 3419 578 3496 publicam
599 3437 726 3478 mersam
750 3428 779 3476 et
800 3427 932 3477 enectam
956 3419 1091 3478 refovere
1113 3429 1143 3478 et
1164 3420 1298 3496 integrae
1312 3419 1474 3476 valetudini
1496 3415 1553 3474 red·

315 3521 394 3594 dere,
417 3521 447 3578 in
470 3521 574 3596 primia
597 3523 697 3580 anima
719 3521 918 3590 adverterunt,
940 3539 1017 3596 quae
1041 3523 1045 3598 Ι
1069 3539 1160 3580 causa
1181 3521 1226 3580 illi
1249 3521 1354 3579 morbo
1370 3521 1447 3579 vires
1468 3520 1553 3588 daret,
1607 3529 1616 3566 2

315 3622 393 3680 unde
415 3622 504 3680 foeda
526 3633 556 3680 et
577 3623 694 3682 inlicita
716 3623 873 3701 vectigalia
894 3625 940 3682 ins
963 3623 1122 3695 haberent,
1149 3625 1217 3700 quis
1240 3633 1345 3681 auctor
1367 3631 1397 3682 et
1417 3631 1551 3700 patronus

314 3733 397 3783 esset
417 3725 597 3801 usurpandis
619 3727 706 3802 quasi
730 3727 734 3802 l
757 3726 912 3802 legitimis,
940 3745 1017 3802 quae
1039 3727 1177 3784 omnibus
1204 3725 1320 3802 legibus
1351 3734 1381 3783 et
1402 3724 1508 3783 divinis
1528 3729 1553 3779 et
1608 3737 1617 3772 t

314 3826 452 3886 humanis
474 3828 677 3906 prohibentur.

397 3930 402 4006 Ι
427 3929 534 3990 Fiscus
558 3930 723 3990 dicebatur:
746 3931 838 3991 fiacus
862 3949 920 3988 non
944 3931 1011 4002 sibi,
1034 3939 1079 3990 set
1093 3931 1144 4006 qui
1167 3931 1303 3990 lanienae
1325 3930 1450 3989 aliorum
1471 3947 1551 4006 prae
1609 3941 1617 3976 ⁵

313 4041 473 4106 texeretur,
498 4035 586 4092 tertia
601 4033 647 4092 uel
670 4041 777 4110 quarta
798 4041 884 4111 parte
906 4034 943 4091 ad
965 4034 1114 4092 licentiam
1129 4035 1238 4093 foedae
1259 4033 1383 4110 rapinae
1398 4031 1550 4109 inviltatus.

312 4135 419 4212 Itaque
452 4137 554 4195 fiscum
588 4147 781 4195 removerunt
807 4155 826 4194 a
852 4145 916 4195 tota
947 4137 1068 4196 harena.
1119 4135 1200 4209 Quid
1233 4136 1311 4194 enim
1345 4135 1436 4194 Marci
1460 4135 1551 4191 Anto-

311 4237 372 4298 nini
399 4248 428 4297 et
453 4237 543 4314 [Luci
570 4237 739 4328 Commodi]
771 4241 937 4300 cavendum
969 4240 1042 4298 fisco
1073 4257 1141 4299 cum
1167 4237 1309 4317 harelnai
1343 4238 1437 4297 omnis
1466 4253 1550 4311 pecu·

309 4343 361 4400 nia
382 4317 488 4400 horum
503 4317 689 4418 principum
701 4317 802 4418 [p]ura
817 4352 871 4414 est,
895 4342 977 4400 nulla
990 4342 1104 4400 cruoris
1127 4341 1249 4400 hnmani
1264 4339 1443 4419 adspergine
1455 4347 1549 4395 conm-

310 4445 431 4516 minata,
459 4444 550 4502 nullis
573 4443 711 4502 sordibus
734 4445 812 4503 foedi
836 4447 987 4522 quaeistus
1009 4445 1175 4521 inquinata,
1205 4452 1235 4504 et
1255 4462 1333 4520 quae
1356 4455 1416 4501 tam
1437 4446 1549 4499 sanctae
1605 4449 1612 4481 t

308 4557 430 4623 paratur
445 4564 534 4621 quam
556 4546 723 4604 insumitur.
758 4545 865 4623 Itaque
886 4549 1017 4607 facessat
1038 4548 1103 4605 sive
1124 4547 1191 4606 illut
1205 4547 1379 4606 ducentiens
1400 4539 1547 4617 annu[u]m

395 4753 407 4806 l
433 4770 538 4811 versus
567 4751 687 4825 eminet,
715 4751 771 4810 etsi
797 4752 901 4827 incipit
927 4753 958 4810 in
981 4753 1077 4827 cupite
1100 4751 1212 4820 medio;
1241 4750 1381 4809 similiter
1402 4745 1544 4808 incndite
1565 4739 1615 4800 Gai

308 4851 477 4912 Veronensi
500 4854 541 4930 (v.
565 4854 730 4932 apographi
754 4851 1003 4913 Studemundiani
1029 4854 1123 4931 praef.
1146 4872 1175 4931 p.
1191 4851 1329 4927 XXVII)
1355 4860 1386 4910 et
1406 4852 1614 4927 fragmentorum

306 4954 518 5014 Vaticanorum
543 4961 584 5026 (v.
608 4957 701 5031 praef.
727 4975 810 5014 meac
833 4955 878 5014 ed.
902 4957 1024 5016 maioris
1047 4977 1075 5033 p.
1093 4955 1167 5028 385)
1190 4955 1316 5032 paginae
1338 4953 1469 5032 singulae
1487 4945 1615 5023 incipiunt

306 5077 324 5115 a
349 5058 450 5116 littora
476 5059 615 5117 eminenti
639 5091 676 5102 -
706 5059 723 5117 6
751 5079 770 5116 a
795 5069 863 5118 ante
891 5070 948 5118 tota
975 5078 1066 5136 supra
1092 5077 1119 5116 v.
1146 5058 1278 5116 additum
1302 5090 1342 5100 —
1369 5073 1435 5116 tvo
1460 5051 1510 5130 (sic
1531 5045 1614 5114 Bari-r

304 5175 400 5218 manet
429 5159 587 5234 Huebner)
621 5175 773 5221 commoni
807 5161 876 5219 licet
908 5179 1027 5218 erasum
1060 5161 1186 5230 cernitur
1218 5179 1279 5219 non
1310 5161 1340 5218 in
1370 5169 1484 5236 ectypo,
1510 5149 1560 5208 sed
1587 5148 1612 5204 5¹1

302 5279 371 5318 aere
396 5294 426 5303 -
458 5263 473 5318 7
494 5261 584 5336 ptura]
607 5262 779 5334 Buecheler,
802 5281 882 5322 cvra
905 5281 956 5322 aes
979 5297 1015 5307 -
1042 5264 1058 5321 8
1082 5261 1218 5337 cunnum]
1239 5277 1358 5321 nutavit
1379 5277 1428 5320 aea

1604 3323 1612 3362 i

1607 4041 1615 4078 i

1606 4261 1611 4280 ι

1654 5377 1655 5446 l

1654 5637 1655 5670 l

1654 5795 1655 5820 r
