3402 5924
257 507 329 581 120
760 520 917 574 eumuna
936 521 1090 575 severae,

256 643 563 656 ...——---—-—

253 712 351 763 mentis
375 711 481 762 innisus
504 711 603 776 parlim
627 708 703 762 lalsis
740 711 841 775 (utpote
866 710 988 761 collectis
1011 723 1044 760 en
1068 711 1233 774 Desjardinii
1258 709 1408 774 erroribus)
1444 713 1543 776 partim
1569 711 1602 760 ad

252 798 416 862 Berglrianas
434 795 546 861 glandes
565 809 619 858 nou
638 795 730 848 minus
749 793 950 861 pertinentibus
975 796 1162 860 damnaverat,
1189 797 1303 861 glandes
1320 811 1336 847 a
1355 809 1385 848 ee
1403 798 1462 862 ipso
1480 797 1598 858 4444444,

252 884 431 948 Mogontiaci,
458 880 626 944 Wiesbadis‚
653 879 823 932 Francoiurti
840 881 993 948 descriptas
1014 881 1049 932 ab
1068 883 1142 932 omni
1165 883 1320 948 suspicione
1339 882 1419 946 longe
1443 882 1540 934 abesse
1558 895 1602 934 as-
1690 943 1691 946 Ἰ

252 970 386 1022 severavit
404 969 431 1019 in
451 981 538 1032 eoque
555 981 649 1019 errore
668 969 749 1018 etiam
769 970 828 1017 turn
846 969 1040 1034 perseveravit,
1060 970 1207 1033 postquam
1219 981 1290 1033 quae
1308 968 1427 1020 hiscum
1447 969 1501 1020 illis
1517 970 1599 1020 inter·

252 1055 363 1108 cederet
380 1053 530 1106 similitudo
550 1052 658 1104 ostendi
677 1054 845 1116 (4444444444.
862 1056 928 1102 4474
946 1066 973 1118 p.
987 1056 1018 1102 79
1032 1053 1114 1118 sqq).
1152 1051 1205 1104 Eas
1229 1056 1259 1104 ut
1282 1052 1454 1118 detenderet,
1479 1054 1598 1106 admira
1690 1061 1691 1108 ἒ

253 1144 407 1194 commenta
432 1138 567 1203 coniugit;
593 1153 635 1191 ex.
655 1153 695 1204 gr.
714 1139 905 1200 coriolanum,
925 1137 1044 1190 ¹Fabium
1068 1139 1232 1203 Maximum,
1261 1139 1459 1192 mancunium
1485 1141 1598 1204 (scilicet
1690 1127 1691 1188 ζ

252 1225 435 1288 triumvirum)
456 1227 587 1291 aliosque,
608 1225 654 1290 qui
667 1238 721 1289 quo
739 1227 819 1292 pacto
834 1225 862 1274 in
875 1225 1017 1276 Asculanis
1029 1223 1176 1289 glandibus
1194 1224 1310 1276 inscribi
1328 1227 1466 1292 potuerint
1477 1227 1530 1278 nisi
1549 1225 1598 1277 ial-
1690 1219 1691 1270 ἒ

253 1315 318 1366 sarii
336 1311 430 1365 iraude
449 1313 579 1378 explicari
599 1325 653 1362 non
671 1313 773 1377 potest,
800 1324 855 1361 non
873 1309 1042 1362 clarissimos
1060 1311 1135 1362 viros
1153 1310 1202 1362 sed
1221 1312 1327 1375 ignotos
1346 1311 1457 1363 aliunde
1475 1312 1596 1364 homines
1690 1325 1691 1372 4

251 1398 448 1464 intellegendos
467 1411 527 1448 esse
546 1396 694 1450 contendit.
725 1397 889 1448 44444444
908 1407 952 1452 sil.
973 1387 986 1470 1
1008 1407 1088 1464 444,
1116 1411 1169 1461 qua
1187 1397 1242 1448 Silo
1261 1397 1371 1449 Italicus
1389 1398 1446 1450 dux
1463 1401 1490 1450 et
1502 1399 1598 1449 ilarius
1690 1377 1691 1424 3

252 1489 390 1539 Romanus
416 1486 473 1536 dux
496 1483 636 1536 coniuncti
660 1483 832 1546 exhibentur,
860 1483 930 1548 Silta)
950 1484 1080 1547 4444444444]
1102 1486 1149 1535 444
1168 1483 1287 1550 Martius)
1307 1483 1437 1548 84444444]
1462 1486 1597 1537 intellecto
1690 1509 1691 1560 ι

250 1573 349 1624 salutm
361 1570 496 1624 vocabulo
515 1569 668 1635 significare
686 1571 807 1634 censuit;
828 1569 863 1622 ci.
876 1570 944 1621 Scit.
958 1585 986 1636 p.
998 1574 1030 1620 47
1043 1571 1079 1621 ad
1097 1584 1124 1620 n.
1138 1575 1178 1620 44.
1210 1571 1326 1621 Maxime
1342 1584 1409 1622 uero
1427 1585 1460 1622 eo
1478 1573 1597 1623 remedio
1690 1635 1691 1638 Ἴ

251 1661 278 1711 44
291 1657 459 1726 explicandis
471 1655 697 1722 inscriptionibus
714 1669 782 1708 usus
800 1661 853 1718 est,
874 1658 906 1706 ut
929 1657 1050 1720 ignotam
1073 1656 1184 1708 aliunde
1201 1669 1298 1708 vocem
1316 1657 1360 1708 vel
1378 1655 1494 1708 formam
1516 1661 1597 1724 prisci
1690 1729 1691 1732 Ἰ

251 1747 385 1797 sermonis
403 1745 489 1794 Latini
512 1743 555 1794 uel
579 1741 689 1793 dialecti
712 1742 829 1794 alicuius
850 1742 958 1794 Italicae
981 1755 1042 1794 esse
1064 1745 1207 1807 statueret;
1237 1743 1401 1808 quidquod
1424 1743 1598 1810 alphabetum
1690 1783 1691 1790 ,

250 1832 421 1899 epichorium
440 1831 468 1880 in
481 1842 508 1880 n.
523 1832 555 1878 74
568 1841 596 1894 p.
612 1831 660 1877 444
680 1828 812 1880 detexisse
831 1828 884 1880 sibi
896 1830 972 1880 visus
985 1831 1034 1881 est.
1057 1829 1189 1896 Exempla
1201 1829 1335 1881 eiusmodi
1347 1831 1600 1896 interpretationum

251 1917 460 1982 Bergkianarum
472 1913 578 1966 subieci
590 1913 671 1966 baec:

323 2073 347 2134 4]
367 2071 560 2136 inscriptiones
578 2069 712 2132 genuinae
730 2083 747 2120 a
765 2067 873 2120 falsario
892 2081 1022 2121 excusae:
1690 2137 1691 2142 ἵ

403 2168 447 2232 ptr,
466 2163 539 2230 apud
552 2176 603 2214 nos
616 2177 643 2214 n.
656 2167 670 2212 4
684 2176 711 2228 p.
725 2163 766 2226 44]
783 2183 814 2206 =
827 2163 877 2230 πῦρ
891 2163 909 2213 4.
920 2177 945 2215 e.
956 2163 1033 2227 glans
1047 2161 1092 2226 (ci.
1100 2162 1153 2227 pir]
1169 2163 1300 2227 Bergkius
1314 2162 1382 2213 Scltl.
1395 2177 1422 2230 p.
1437 2167 1478 2218 47.
1494 2169 1524 2216 44
1534 2179 1597 2231 sqq.
1690 2213 1691 2230 ,

406 2255 521 2314 optatam,
542 2250 612 2300 male
631 2249 732 2299 lectum
750 2247 784 2299 ab
803 2263 835 2300 eo
855 2263 904 2315 pro
922 2254 1030 2314 opterga
1047 2262 1075 2300 n.
1090 2253 1136 2314 eo;
1161 2249 1196 2299 44.
1207 2263 1234 2314 p.
1251 2253 1298 2298 444
1318 2251 1346 2298 44
1367 2251 1424 2314 444]
1445 2271 1477 2295 =
1492 2254 1600 2304 4444444
1690 2247 1691 2250 ’

464 2349 491 2400 p.
508 2338 550 2387 44.
567 2337 609 2383 444
1690 2341 1691 2348 “

407 2437 540 2502 4444444444,
561 2449 589 2487 n.
604 2437 645 2501 47]
667 2457 699 2480 =-·
718 2436 819 2501 444444]
839 2439 883 2487 444
900 2439 941 2488 444
959 2437 977 2488 4.
991 2451 1016 2488 e.
1030 2438 1112 2488 libera
1129 2440 1173 2488 vic
1190 2439 1239 2488 4444
1257 2452 1282 2503 p.
1299 2439 1349 2486 444

322 2578 347 2640 4]
367 2575 508 2640 inscriptio
527 2576 652 2639 suspecta
671 2588 686 2624 a
704 2572 814 2624 iulsario
832 2581 947 2626 excusa:

407 2673 422 2714 r
442 2674 474 2712 cx
493 2660 594 2711 llinicii
613 2659 710 2724 glande
728 2661 863 2725 suspecta,
892 2660 966 2726 apud
984 2673 1034 2711 nos
1052 2673 1080 2710 n.
1097 2661 1154 2725 444]
1176 2659 1236 2714 iort.
1249 2684 1281 2708 =
1296 2667 1356 2729 444]
1377 2666 1508 2729 Berglrius
1525 2679 1552 2731 p.
1568 2669 1600 2716 94
1690 2677 1691 2730 3

457 2746 560 2798 addens
573 2746 608 2797 de
620 2746 673 2797 hac
697 2759 712 2798 a
733 2747 791 2810 [sie.
813 2759 865 2797 non
885 2747 913 2811 4]
929 2739 989 2798 ‘der
1001 2747 1238 2812 Schritlelteraleter
1249 2755 1324 2804 waiet
1335 2755 1390 2804 4444
1405 2753 1529 2804 (44444444
1541 2753 1600 2804 doni
1690 2773 1691 2784 ι

458 2833 776 2898 Buadergeoessenleriege
787 2827 840 2895 zal;
861 2833 1016 2884 cuiusmodi
1033 2835 1242 2886 ratiocinatione
1255 2839 1337 2888 etiam
1351 2841 1378 2888 in
1391 2839 1454 2890 aliis
1466 2853 1533 2891 4444
1545 2845 1598 2890 est.
1690 2875 1691 2908 ,

321 2991 345 3054 4]
368 2988 560 3052 inscriptiones
579 3001 595 3037 a
613 2985 721 3037 ialserio
741 2999 774 3036 ex
792 2987 893 3052 spuriis
911 2986 954 3036 vel
973 2987 1043 3039 male
1061 2987 1139 3040 lectis
1161 2993 1292 3056 repetitae
1309 2995 1357 3044 aut
1375 2995 1487 3045 omnino
1508 2994 1598 3046 lictae:
1690 3013 1691 3016 ¹

404 3083 441 3147 444
463 3093 513 3148 pro
538 3095 565 3135 n.
587 3085 619 3130 44
644 3092 698 3134 seir
722 3082 739 3132 i.
761 3096 784 3133 e.
803 3081 855 3146 4444
873 3083 982 3148 lectum]
1012 3084 1039 3133 in
1067 3083 1184 3137 dialecto
1203 3087 1303 3139 l’leena
1329 3102 1379 3154 pro
1405 3088 1457 3152 seri
1483 3089 1600 3150 dictum,

458 3167 588 3230 Berglrius
606 3179 632 3232 p.
649 3171 690 3217 74.
712 3169 743 3216 74

403 3275 456 3338 ptr,
478 3273 639 3336 corruptum
658 3283 691 3321 ex
708 3280 771 3330 444,
798 3284 826 3321 n.
842 3275 856 3320 4
875 3283 902 3336 p.
917 3271 959 3335 47]
980 3273 1008 3321 in
1027 3273 1140 3334 Picena,
1160 3275 1231 3324 sicul
1249 3276 1278 3325 in
1298 3275 1465 3328 Vmbrorum
1483 3277 1601 3330 dialecto
1690 3343 1691 3346 Ἴ

459 3377 490 3400 =
504 3357 564 3423 πῦρ,
585 3355 610 3408 h.
626 3355 643 3405 l.
656 3355 730 3406 idem
749 3355 822 3421 quod
836 3349 944 3419 ‘glans’‚
963 3369 991 3421 p.
1007 3359 1038 3406 94

409 3462 485 3523 trapi,
506 3473 539 3509 ex
557 3459 650 3524 spuria
669 3472 695 3508 n.
712 3457 762 3508 lit*
775 3459 923 3524 sumptum]
943 3472 958 3509 a
977 3465 1078 3523 trepere
1095 3474 1123 3526 p.
1139 3465 1170 3512 44

408 3551 476 3596 tome
491 3557 541 3609 pro
559 3553 644 3597 romu
663 3557 689 3593 n.
705 3547 729 3604 4,
745 3543 787 3608 44]
808 3544 883 3594 taber
899 3555 925 3607 p.
942 3547 973 3592 79

407 3641 485 3684 Porci
508 3643 542 3680 ex
560 3639 641 3682 nomn
660 3643 687 3682 n.
703 3634 729 3692 9,
744 3633 776 3680 44
795 3629 964 3693 corruptum]
986 3631 1128 3694 Pomttium)
1150 3644 1177 3696 p.
1192 3635 1223 3682 44

407 3725 495 3770 corna
513 3729 547 3766 ex
564 3725 648 3769 nonin
661 3727 688 3766 n.
701 3719 725 3778 9,
738 3720 752 3765 7
766 3714 934 3779 corruptum]
950 3721 1063 3768 44444444
1074 3719 1123 3767 444
1137 3715 1257 3770 Cornetus
1269 3721 1317 3770 aut
1332 3719 1462 3771 Cromnae
1473 3735 1500 3786 p.
1513 3727 1542 3773 44
1555 3737 1599 3789 sq.

408 3815 455 3853 ear
473 3815 506 3852 ex
524 3816 551 3852 n.
568 3803 599 3850 44
619 3799 690 3851 male
709 3799 788 3864 lecta]
810 3813 854 3851 444
872 3813 898 3865 p.
912 3804 961 3849 444

405 3900 482 3937 musa
499 3900 533 3937 ex
550 3900 577 3939 n.
591 3891 622 3936 44
644 3887 743 3947 Fulvia,
765 3885 799 3939 44.
814 3885 916 3936 44444444
935 3886 1090 3951 imaginem]
1110 3901 1201 3939 444444
1219 3891 1236 3938 i.
1251 3904 1275 3940 e.
1289 3889 1367 3954 glans
1386 3903 1412 3955 p.
1429 3893 1476 3940 444

407 3979 481 4024 taren
499 3986 532 4023 ex
551 3985 577 4022 n.
593 3975 626 4022 44
640 3985 680 4036 sq.
694 3983 744 4036 pro
764 3971 857 4035 tameo]
879 3971 972 4022 444444
990 3985 1016 4036 p.
1031 3975 1080 4022 444

407 4063 518 4110 44444444
536 4071 569 4108 ex
587 4071 615 4108 n.
631 4061 662 4106 49
682 4071 708 4108 v.
723 4060 748 4119 4,
769 4055 804 4107 44.
820 4059 875 4106 not.
891 4057 918 4105 in
937 4055 1001 4120 fine]
1021 4059 1129 4108 44444444
1151 4059 1240 4121 (imus)
1260 4073 1287 4124 p.
1301 4063 1350 4108 444

407 4157 426 4198 a
446 4132 451 4220 Ι
472 4155 522 4196 aar
544 4133 556 4218 1
577 4153 714 4197 ocrnvla
733 4157 767 4193 ex
785 4156 811 4193 n.
828 4147 858 4192 44
875 4147 930 4206 pet.
948 4144 1084 4195 0444444444
1101 4144 1197 4208 calam]
1213 4136 1276 4196 ‘Die
1289 4145 1451 4212 4449444444
1471 4147 1520 4210 (fiir
1536 4153 1600 4214 pete

459 4229 653 4294 Octavialnum)
674 4231 708 4280 444
725 4218 816 4279 eicher’
833 4241 860 4293 p.
876 4231 935 4288 449,
956 4227 990 4280 44.
1005 4243 1031 4294 p.
1047 4233 1078 4279 94

410 4334 544 4386 Caesares
563 4346 595 4384 ex
615 4334 867 4385 culsamuel
887 4345 903 4382 4
922 4329 1031 4382 falsario
1055 4333 1173 4382 litteram
1192 4347 1210 4387 ιι
1228 4333 1298 4384 male
1322 4336 1509 4400 interpretanti
1534 4351 1602 4389 001.

458 4419 577 4483 ruptum]
600 4417 703 4469 4444444
721 4417 856 4480 (alludens
873 4416 909 4467 ad
927 4416 1086 4480 4444444444]
1106 4419 1168 4469 4444
1185 4418 1295 4471 militari
1316 4435 1366 4486 pro
1388 4422 1488 4474 044444·
1505 4437 1530 4490 p.
1546 4429 1598 4474 444

403 4534 466 4585 pue,
487 4519 521 4572 ci.
538 4535 563 4586 p.
579 4523 627 4570 444
648 4521 674 4570 in
694 4520 783 4570 indice
797 4519 953 4584 spuriarum
967 4521 1021 4571 inc.
1036 4521 1097 4571 lect.
1112 4520 1154 4584 44]
1176 4542 1208 4564 --
1226 4527 1303 4584 pavie
1321 4537 1347 4588 p.
1362 4527 1409 4575 444

406 4606 490 4671 444444]
512 4627 544 4651 =
563 4605 624 4658 alce
640 4607 690 4671 4444
710 4605 767 4668 (full
785 4624 817 4647 =
834 4607 870 4670 44
888 4607 1044 4670 legiensi
1067 4619 1095 4670 p.
1110 4609 1152 4660 45.
1172 4609 1220 4657 444

407 4705 438 4744 cr
454 4693 499 4756 fri,
521 4693 553 4756 44.
569 4707 596 4758 p.
613 4695 661 4742 449
680 4703 707 4743 n.
723 4689 781 4754 494]
803 4709 835 4733 =
854 4703 883 4741 oe
900 4691 951 4756 4444
968 4705 995 4757 p.
1010 4695 1054 4742 444

405 4790 571 4833 v·carvt.v
582 4769 635 4840 ’(444
653 4789 675 4830 v
693 4793 709 4828 a
727 4777 837 4829 falsario
856 4791 1062 4844 nonnumquam
1081 4779 1204 4831 adbibita
1223 4781 1345 4832 dixeram
1359 4781 1516 4835 4444444444.
1528 4787 1599 4835 4444

458 4877 484 4930 p.
503 4865 556 4928 74]]
582 4866 608 4916 V.
628 4865 809 4930 (praenomen)
833 4863 967 4929 Catulattm)
989 4879 1015 4931 p.
1033 4867 1063 4914 44

407 4969 444 5022 Μ.
468 4967 636 5028 Coriolanus,
666 4969 683 5018 i.
708 4981 731 5018 e.
757 4967 889 5030 Mlcrca'ur)
915 4967 1068 5019 Coriolanus
1086 4971 1117 5019 ut
1142 4969 1316 5020 ostenderam
1341 4969 1408 5021 ibid.
1428 4986 1454 5037 p.
1478 4976 1519 5023 44.
1545 4977 1596 5028 il:

457 5051 491 5103 cl.
506 5065 588 5119 supra
602 5067 628 5118 p.
644 5053 686 5116 99]
708 5053 744 5104 44.
766 5065 931 5117 praenomen
951 5055 1144 5120 interpretatur
1160 5069 1188 5120 p.
1205 5058 1252 5106 444

405 5167 524 5210 mare-a
543 5143 548 5232 Ι
569 5167 659 5210 noma
682 5168 715 5206 ex
727 5167 839 5207 nummo
858 5155 995 5208 aialsario
1014 5159 1159 5223 repetitum
1170 5170 1231 5209 esse
1249 5159 1422 5210 ostenderem
1437 5161 1596 5212 4444444444.

459 5245 524 5294 4474
542 5255 570 5307 p.
587 5245 633 5302 74,
655 5239 690 5292 44.
705 5255 786 5308 supra
806 5255 833 5306 p.
849 5241 890 5305 94]
912 5263 943 5285 =
961 5247 1028 5296 mete
1044 5243 1107 5308 4444)
1127 5246 1175 5294 444
1193 5243 1267 5306 44444]
1287 5258 1314 5310 p.
1331 5247 1378 5295 444
