3374 5930
45 627 208 680 nee-rrae
626 628 709 682 von.
730 629 808 682 xrv.
1307 605 1380 685 373

84 805 164 863 1-3
190 804 350 883 Senatus)
374 805 553 882 domuimus)
575 807 653 883 quod
666 808 781 881 sactum
803 815 844 864 est
865 805 1006 882 aaut(ore)
1021 808 1122 866 Druso
1145 806 1283 884 [Caesare
1300 807 1380 884 ltus.

42 908 207 984 dictatore}
257 910 382 980 Aricini,
405 928 464 968 non
485 907 615 968 Romani
638 917 760 968 senatus
784 908 914 986 intellegi
936 911 1104 969 consultum
1127 919 1155 968 et
1177 930 1215 969 ex
1237 911 1305 970 aliis
1328 931 1381 989 ap-

38 1018 121 1086 paret
148 1019 182 1069 et
211 1030 255 1070 ex
281 1011 452 1070 nominibus
473 1012 552 1070 intra
573 1013 737 1071 recensitis.
779 1011 899 1071 Drusus
923 1009 1036 1072 Caesar
1058 1023 1091 1072 ut
1112 1013 1199 1084 alibi,
1226 1014 1269 1072 ita
1290 1013 1380 1074 etiam

37 1113 160 1171 Ariciae
193 1132 316 1173 summo
342 1115 520 1192 magistratu
549 1115 632 1192 fungi
661 1115 765 1190 potuit.
809 1113 985 1188 (Auctorem
1014 1125 1136 1176 senatus
1164 1116 1294 1176 consulti
1321 1117 1379 1176 dici

35 1233 124 1293 posse
147 1216 250 1276 etiam
272 1219 478 1297 magistratum
500 1217 550 1294 qui
570 1216 601 1276 id
619 1216 697 1290 lecit,
719 1217 941 1278 demonstratur
961 1219 1004 1276 eis
1023 1237 1100 1296 quae
1119 1218 1238 1296 collegit
1252 1219 1378 1278 Momm·

36 1337 84 1376 sen
109 1317 304 1380 Stuatcreclt
323 1320 371 1378 111
395 1339 424 1397 p.
441 1319 501 1379 978
524 1326 585 1377 not.
604 1319 645 1395 1).
668 1352 710 1362 -
739 1320 756 1378 3
785 1319 839 1398 [iJn
865 1319 978 1396 sen[otu
996 1323 1117 1396 suerunt
1142 1321 1203 1398 tot].
1245 1319 1378 1382 Nomina

37 1439 110 1496 quse
134 1422 254 1482 deinde
276 1432 485 1482 enumerantur
507 1423 601 1500 magis
623 1421 796 1482 crediderim
817 1423 911 1482 fuisse
933 1423 1051 1482 testium
1073 1425 1125 1501 qui
1147 1425 1303 1484 scribendo
1325 1427 1376 1486 ad·

35 1525 167 1596 suerunt,
200 1545 295 1604 quam
321 1535 509 1586 enumeratos
535 1525 629 1584 fuisse
655 1544 758 1585 omnes
780 1527 831 1604 qui
853 1527 883 1585 iu
906 1537 1012 1586 senatu
1033 1527 1144 1586 luerint
1164 1547 1230 1588 cum
1252 1537 1376 1589 senatus

37 1628 214 1688 consultum
243 1629 352 1688 factum
380 1638 433 1688 est.
477 1627 601 1686 Aediles
624 1627 665 1704 (v.
683 1628 715 1704 4)
742 1629 875 1690 adfuisse
896 1630 1052 1689 scribendo
1074 1647 1146 1690 sane
1167 1631 1299 1690 notabile
1320 1641 1375 1692 est.

35 1728 103 1806 Ipsa
131 1741 268 1792 senatus
295 1732 421 1792 consulti
443 1731 534 1790 verba
559 1747 617 1789 non
641 1739 758 1803 extant,
785 1749 880 1808 neque
902 1733 952 1791 ubi
973 1733 1084 1792 fuerint
1105 1734 1219 1812 scriptu
1241 1735 1374 1813 adparet.

36 1833 244 1912 [Principium
270 1835 349 1912 quod
375 1835 521 1894 remansit
546 1853 613 1894 cum
635 1833 769 1894 discedat
791 1854 810 1893 a
832 1835 921 1894 solita
942 1835 1051 1909 forma,
1080 1837 1229 1896 decretum
1252 1847 1374 1898 senatus

35 1935 86 1993 boc
115 1937 303 1996 crediderim
333 1938 375 1997 ita
400 1939 461 1998 sere
487 1945 660 2014 conceptum
687 1955 755 1996 esse
780 1947 814 1997 ut
840 1947 961 1998 senatus
989 1939 1194 1998 auctoritatem
1218 1938 1374 2000 Veientem

37 2035 143 2110 uxl,
162 2040 267 2114 3805,
295 2041 450 2100 habentem
477 2041 547 2100 item
574 2041 695 2099 nomina
721 2059 823 2099 eorum
851 2043 901 2119 qui
922 2044 1077 2120 adficerent
1098 2042 1278 2120 perscripta,
1305 2043 1376 2103 licet

35 2158 87 2197 nun
112 2143 145 2200 in
171 2144 246 2220 ipso
267 2143 423 2221 principio,
444 2151 476 2202 ut
498 2143 554 2216 hic,
578 2145 631 2204 sed
652 2143 682 2203 in
704 2143 776 2216 fine;
797 2144 928 2204 fortasse
946 2145 994 2202 hic
1013 2163 1131 2221 quoque
1150 2163 1209 2204 non
1230 2145 1372 2206 habemus

38 2243 190 2303 decretum
213 2247 386 2323 legitimum,
406 2244 459 2304 sed
478 2246 693 2320 auctoritatem,
713 2255 743 2304 et
762 2246 928 2322 explicatur
946 2247 1013 2335 inde
1031 2247 1128 2306 forma
1143 2247 1272 2308 diversa.
1303 2249 1373 2309 Hoc

38 2357 155 2424 sumpto
181 2368 246 2407 non
269 2350 372 2407 mirum
396 2357 442 2408 est
463 2349 576 2408 aediles
598 2349 628 2408 in
650 2351 716 2426 ipso
739 2350 885 2425 principio
905 2350 1062 2421 nominari,
1084 2349 1238 2410 dictatoris
1253 2352 1373 2412 nomine

40 2448 167 2509 tortasse
192 2451 263 2510 ideo
284 2452 408 2522 omisso,
430 2451 513 2528 quod
534 2463 637 2510 auctor
658 2453 684 2510 is
705 2452 802 2511 fuerit.
835 2452 896 2511 Tn.
911 2451 1097 2528 Mommsen]
1112 2485 1153 2495 —
1176 2453 1278 2513 10.15
1301 2455 1371 2514 alte-

39 2571 98 2609 rum
118 2554 171 2613 Ti.
194 2553 349 2613 Latinium
371 2555 484 2633 origine
502 2555 658 2614 Aricinum
681 2554 772 2614 habes
795 2553 831 2614 Ο.
854 2573 882 2612 n.
900 2555 991 2629 2166,
1014 2553 1138 2614 alterum
1163 2553 1199 2630 Q.
1221 2557 1370 2618 Auonium

41 2674 65 2710 n.
81 2655 172 2715 2181.
199 2690 240 2700 -
266 2657 303 2715 18
319 2657 368 2716 fin.
396 2657 428 2716 II
454 2676 593 2718 numerus
619 2657 745 2730 indicat,
773 2658 832 2718 nisi
857 2657 954 2730 fallor,
981 2677 1087 2717 nomen
1117 2659 1197 2736 qnod
1219 2661 1372 2735 praecedit

43 2756 128 2816 luisse
155 2761 356 2838 magistratus
382 2760 516 2820 alicuius.
540 2795 577 2804 -
606 2763 645 2820 14
671 2760 804 2821 Lucilius
825 2759 950 2840 Longus
978 2760 1044 2820 sine
1070 2759 1161 2819 dubio
1186 2763 1300 2822 amicus
1327 2772 1371 2822 est

46 2857 162 2934 Tiberii,
192 2863 353 2922 defunctus
375 2882 401 2924 a.
426 2884 455 2940 p.
472 2862 506 2924 C.
527 2862 564 2922 23
589 2863 676 2938 (Tac.
699 2882 767 2922 ann.
787 2863 905 2940 4,15);
934 2863 1039 2922 consul
1064 2863 1091 2922 is
1120 2864 1249 2923 creditur
1274 2865 1369 2925 luisse

46 2960 88 3034 [cl.
108 2963 260 3044 Borghesi
283 2965 386 3044 opp.5
409 2987 437 3045 p.
456 2965 530 3041 308)
552 2985 578 3025 a.
600 2985 628 3042 p.
645 2965 678 3026 O.
696 2967 713 3024 7
720 2989 728 3038 ;
755 2985 863 3025 nomen
894 2967 958 3025 eius
984 2967 1056 3042 quid
1082 2967 1130 3025 bic
1152 2967 1209 3026 sibi
1231 2967 1368 3042 voluerit,

45 3067 144 3126 nescio.
190 3069 277 3130 Fieri
304 3076 403 3147 potest
429 3079 461 3128 ut
486 3069 551 3147 ipse
576 3069 665 3128 luerit
693 3069 808 3149 origine
835 3069 990 3142 Aricinus,
1018 3069 1301 3148 magistratibusque
1327 3070 1369 3130 ibi

47 3165 153 3230 iunctus
177 3172 230 3232 sit

46 3393 123 3458 lter
144 3401 232 3462 basis
255 3403 373 3463 Ariciae
394 3404 425 3462 in
446 3403 540 3463 hortis
562 3402 686 3464 Ioannis
701 3405 772 3463 Ant.
787 3403 824 3463 de
839 3403 991 3464 Mattheis.

612 3559 657 3614 Q·
680 3559 776 3602 Lvsci

611 3661 699 3704 suver
719 3663 734 3704 u
754 3662 799 3704 urs

48 3773 119 3838 illisit
139 3781 279 3842 Huelsen
300 3783 480 3860 descriptam
502 3804 520 3844 a
542 3783 684 3846 Gottlieb.

80 3878 147 3941 Η
171 3885 226 3944 vix
246 3894 324 3944 recte
346 3897 498 3965 exceptus.

351 4258 492 4321 nnuvs
519 4261 685 4322 omnis
715 4263 755 4340 (ρ.
774 4261 843 4322 210.
867 4261 936 4322 ser.
961 4259 1044 4337 see).

47 4417 120 4482 ¹288
144 4429 230 4488 basis
253 4429 399 4504 quadrata
424 4449 462 4488 ex
485 4451 632 4490 marmore
654 4433 739 4509 nigro
764 4433 826 4490 lata
848 4450 884 4490 m.
902 4429 988 4502 0,18,
1016 4430 1101 4489 cuius
1124 4430 1181 4489 tria
1201 4430 1297 4489 latera
1317 4432 1362 4490 in·

80 4531 194 4606 scripta.
229 4531 305 4609 Rep.
328 4531 509 4592 fossionibus
531 4533 769 4594 Nemorensibus
796 4535 838 4610 (in
861 4533 954 4593 fundo
976 4531 1163 4606 Ursinorum,
1189 4533 1257 4592 loco
1281 4533 1360 4592 dicto

78 4627 163 4692 Prato
183 4631 337 4710 Giurdino)
361 4653 387 4692 a.
407 4634 495 4696 1888.

297 4774 317 4812 a
747 4759 763 4816 b

1132 4777 1147 4815 c

184 4877 465 4937 cnaanxss
619 4851 922 4980 mvcnsrrba
1080 4847 1304 4936 aasvb‘sse'

208 4993 400 5038 rus-erm
621 4995 917 5039 n·r·ssnvuvs

184 5097 359 5140 ornnes
621 5081 806 5141 clamas
840 5101 860 5142 n
894 5101 915 5140 n

207 5201 398 5243 n·n·c·ru
667 5201 755 5242 mn

53 5311 140 5381 nerea
162 5323 239 5400 εῳε·
259 5325 340 5382 aaa
363 5323 441 5383 lese
464 5295 580 5400 sies.
