3374 5930
321 619 394 696 450
896 639 1080 696 nonnanes

318 835 473 898 specusque
500 817 582 877 labet
603 837 622 876 n
642 816 714 876 Nilo
732 819 919 894 pertinentes,
948 819 1050 894 quibas
1071 836 1149 895 oque
1174 821 1205 879 in
1221 823 1356 897 priuatos
1378 821 1475 879 ἀοπιοε
1506 821 1644 894 induam,
1677 771 1678 820 ¹

318 940 392 1000 quoe
410 923 555 998 paulatim
577 924 670 996 spatio
693 924 825 998 temporis
853 923 985 997 liquescit
1010 939 1045 980 ac
1071 922 1208 980 subsidit.-
1234 923 1288 982 leuc
1315 927 1357 982 ati
1383 924 1490 982 donini
1517 926 1643 1000 aedificio-

318 1045 381 1084 ram
402 1033 487 1100 alque
510 1041 602 1082 mrum
618 1024 755 1100 familiae
777 1033 951 1084 consuerant.
992 1043 1058 1082 nam
1079 1044 1153 1101 qnae
1166 1027 1288 1101 flamine
1308 1025 1381 1084 Nilo
1395 1028 1502 1101 seran,
1525 1027 1592 1085 adeo
1610 1039 1643 1086 est

321 1129 423 1186 linoae
445 1136 471 1184 et
492 1127 615 1196 turbida,
638 1135 668 1184 at
690 1127 791 1184 mallos
811 1129 962 1201 canosque
985 1127 1096 1186 morbos
1118 1129 1232 1204 efficiet.
1268 1130 1319 1187 aad
1340 1149 1375 1188 ea
1392 1129 1491 1206 plebes
1511 1148 1546 1187 ec
1563 1133 1642 1188 nalli-

320 1232 385 1289 tado
401 1238 529 1288 contacto
553 1239 593 1287 eet
613 1231 780 1298 necessarie,
803 1231 881 1304 qaod
896 1230 965 1304 soris
989 1229 1057 1288 arte
1079 1239 1138 1290 toea
1158 1232 1256 1288 nullus
1279 1241 1328 1289 est.
1373 1233 1426 1291 loe
1448 1241 1536 1290 mnan
1548 1235 1641 1307 flanea
1677 1215 1678 1276 Ῐ

320 1336 350 1390 in
372 1351 406 1390 ea
431 1339 516 1408 porte
545 1339 607 1388 erat
633 1331 713 1389 urbis
739 1349 812 1406 quae
836 1330 873 1388 ab
899 1329 1106 1390 Alexandrinis
1133 1333 1280 1392 tenebatur
1307 1351 1345 1391 eo
1370 1333 1465 1405 ducit,
1492 1341 1523 1392 ut
1547 1353 1640 1411 aquam
1677 1357 1678 1418 l

321 1454 394 1510 qnae
409 1435 529 1508 flamine
551 1433 622 1491 Nilo
638 1435 737 1507 fertur
758 1433 794 1492 de
816 1433 884 1492 lacu
905 1433 958 1492 illo
982 1435 1173 1512 accipiamus,
1196 1453 1284 1511 quem
1304 1435 1469 1513 implebant
1491 1455 1583 1513 aquae
1596 1436 1640 1494 lii-

321 1537 429 1595 loricae
452 1533 576 1610 (Strabo
595 1535 643 1606 ll,
666 1537 693 1608 1,
716 1535 735 1592 4
757 1555 786 1612 p.
803 1535 872 1594 789.
900 1555 925 1594 c.
943 1538 969 1609 1,
996 1537 1033 1594 17
1056 1556 1086 1612 p.
1103 1537 1177 1612 793)
1207 1545 1366 1613 corruptae
1387 1537 1431 1596 ibi
1447 1539 1584 1597 admixtis
1597 1559 1639 1615 pa·
1677 1567 1678 1622 χ

321 1638 476 1698 lustribus.
530 1637 685 1713 Augustus
708 1645 806 1695 autem
830 1637 964 1697 canalem
992 1639 1055 1697 sive
1080 1639 1151 1698 lecit
1176 1640 1241 1698 sive
1268 1639 1410 1717 purgarit
1436 1649 1465 1698 et
1490 1640 1638 1718 ampliavit,
1677 1633 1678 1644 ³

321 1761 358 1800 eo
380 1759 469 1817 opere
492 1739 603 1812 effecit,
631 1747 663 1798 ut
691 1739 835 1816 oppidani
857 1757 960 1799 omnes
983 1742 1042 1799 iam
1066 1759 1172 1817 aquam
1197 1739 1361 1800 Niloticam
1380 1761 1435 1818 per
1456 1761 1486 1802 se
1506 1753 1639 1820 potarent,

321 1843 352 1902 id
375 1851 419 1902 est
441 1843 548 1919 opinor
568 1861 628 1900 uon
650 1861 703 1919 per
725 1842 823 1901 lacum
846 1842 972 1902 mixtam
995 1841 1133 1920 palustri.
1178 1842 1289 1906 Strabo
1308 1862 1426 1922 quoque
1443 1864 1509 1904 cum
1524 1847 1637 1904 fluminis

323 1943 441 2005 Sebasti
465 1963 574 2004 nomen
596 1963 655 2004 non
676 1953 778 2022 ponat,
801 1945 866 2003 fieri
887 1953 995 2022 potest,
1020 1953 1053 2004 ut
1074 1965 1151 2023 quae
1173 1947 1210 2004 de
1225 1948 1323 2006 canali
1338 1947 1482 2007 Eleusine
1497 1946 1635 2007 Schediam

322 2049 412 2108 habet
433 2066 492 2107 nou
515 2047 553 2104 ad
569 2048 697 2126 Augusti
720 2063 797 2124 opus
819 2047 997 2124 pertineant,
1018 2047 1070 2106 sed
1093 2049 1131 2107 ad
1153 2060 1261 2108 statum
1285 2069 1352 2108 eum
1375 2051 1425 2127 qni
1445 2051 1569 2110 obtinuit
1586 2063 1636 2108 tum

324 2170 389 2210 eum
413 2152 478 2228 ipse
494 2151 665 2228 Aegyptum
688 2149 761 2208 adiit
781 2150 932 2226 praelecto
948 2149 1036 2209 Aelio
1053 2149 1144 2210 Gallo
1168 2151 1218 2226 (cf.
1234 2151 1328 2212 Nisae
1349 2153 1381 2210 iu
1396 2151 1525 2211 Hermae
1542 2153 1633 2210 solli

323 2273 352 2331 p.
369 2253 438 2328 43),
466 2252 497 2310 id
519 2260 566 2311 est
587 2271 665 2310 anno
693 2261 762 2311 ante
784 2249 855 2311 Chr.
872 2253 911 2311 25
933 2253 982 2310 vel
1004 2252 1053 2311 24.
1103 2255 1272 2331 Angustum
1301 2255 1451 2314 fossarum
1472 2254 1633 2314 Niliacamm

323 2357 472 2432 egregiam
495 2373 596 2414 curam
618 2355 717 2431 egisse
739 2363 771 2412 ut
797 2355 917 2414 tradunt
941 2363 1082 2414 auctores
1110 2353 1287 2430 (Suetonius
1309 2360 1390 2436 Aug.
1413 2358 1465 2416 18:
1495 2359 1633 2434 Aepyptnn

398 2468 427 2516 at
442 2460 618 2534 feraciorem
712 2457 849 2528 redderet,
865 2459 968 2532 sesses
990 2477 1097 2530 oman,
1125 2462 1155 2516 in
1185 2478 1259 2535 qaae
1279 2459 1367 2520 Nilus
1395 2469 1548 2532 mantuae,
1575 2460 1632 2517 olli·

324 2569 416 2618 melca
440 2560 525 2636 lonpc
544 2569 680 2619 vetustate
701 2559 820 2618 militari
841 2577 925 2635 opere
946 2559 1080 2631 deterei15
1104 2559 1166 2618 Dio
1189 2563 1238 2634 51,
1264 2563 1315 2622 18:
1343 2557 1396 2624 ede
1425 2551 1566 2645 διώρυχας
1591 2557 1632 2618 nic

322 2649 376 2742 μὶν·
392 2652 566 2744 ἕξεκᾶἓηρι,
588 2657 643 2722 rde
665 2649 695 2718 δὲ
717 2658 748 2717 ἐκ
770 2661 869 2730 καινῆς
890 2651 1025 2744 διώρυξε;
1049 2663 1086 2720 ef.
1108 2661 1178 2721 C.I.
1191 2661 1227 2721 L.
1248 2664 1295 2722 III
1316 2662 1349 2736 S,
1373 2663 1452 2722 662?
1476 2663 1629 2741 praesertim

324 2765 391 2822 adn.
407 2783 436 2838 p.
453 2763 556 2839 1211),
579 2764 621 2822 ita
638 2763 833 2822 Alexandrini
856 2764 1059 2839 aquaeductus
1081 2767 1225 2824 memoria
1246 2767 1325 2844 apud
1348 2785 1401 2824 eos
1424 2785 1482 2824 nou
1497 2765 1628 2841 reperitur.

406 2865 490 2925 Haec
511 2867 629 2925 interim
652 2865 814 2937 sufficient,
844 2884 880 2925 ns
902 2866 1028 2944 insignis
1059 2867 1161 2926 titulus
1189 2869 1254 2926 sine
1282 2869 1384 2944 aliqua
1411 2869 1587 2928 adnotatione
1604 2867 1627 2924 iu

323 2969 417 3028 lucem
440 2968 573 3044 prodeat.
616 2967 709 3028 Recte
731 2968 767 3026 ds
790 2983 825 3026 eo
848 2987 915 3027 cum
938 2987 1025 3045 agere
1048 2977 1176 3046 nequeat
1197 2971 1255 3028 nisi
1282 2971 1497 3050 topographias
1517 2970 1627 3028 Alexan·

325 3071 427 3128 drinae
448 3072 541 3148 probe
562 3089 684 3148 gnarus,
707 3089 785 3148 quae
807 3071 838 3129 in
860 3072 917 3132 hac
932 3090 997 3130 mea
1013 3071 1201 3131 adnotatione
1216 3072 1369 3146 deficiunt,
1392 3073 1483 3144 brevi,
1504 3081 1533 3130 ut
1545 3089 1625 3146 spero,

323 3173 458 3248 explebit
485 3173 695 3232 Puchsteinius
722 3181 823 3231 noster
853 3174 913 3231 situ
941 3175 1005 3232 suis
1036 3173 1131 3233 oculis
1158 3174 1329 3234 examinato
1358 3176 1395 3235 de
1420 3173 1625 3252 aquaeductibus

324 3273 540 3335 Alexandrinis
562 3276 704 3354 peculiari
726 3275 939 3335 commentario
961 3283 1090 3336 actores.

344 4121 490 4182 XLVlll.
536 4123 683 4184 ClVlVM
710 4121 982 4185 ROMANORVM
1008 4122 1337 4184 LIBERTINORVM
1364 4117 1605 4184 APPELLATIO

898 4243 1079 4305 GRAECA.

406 4426 611 4485 Alexandrino
636 4428 720 4486 titulo
743 4427 869 4505 bilingui
892 4427 1016 4487 adiunxi
1038 4427 1187 4505 bilingues
1203 4429 1388 4506 sepulcrales
1405 4439 1463 4489 tres
1481 4423 1620 4504 nuperrime

322 4539 455 4606 repertos
478 4547 580 4587 omnes
603 4539 761 4606 propterea
783 4531 862 4606 quod
885 4531 1089 4590 libertinorum
1112 4533 1368 4591 nomenclaturam
1390 4533 1538 4591 illustrant.

408 4668 433 4724 l.
456 4666 486 4724 in
508 4666 610 4726 insula
632 4665 686 4728 Co.

821 4785 877 4829 crs
911 4786 1150 4832 raconsvs

820 4891 840 4932 Α
873 4889 889 4930 t
924 4887 1150 4939 oronusrvs

821 4991 942 5034 sauros
965 4991 1150 5034 neronior

822 5087 932 5138 aanor
953 5094 1151 5138 ororsrzroz

321 5233 417 5290 Paton
445 5241 474 5290 et
501 5232 596 5292 llicks
630 5235 813 5314 inscriptions
840 5239 875 5314 ο]
899 5233 953 5298 Cos
980 5254 1008 5293 n.
1027 5234 1101 5310 188,
1135 5234 1183 5294 ubi
1213 5235 1369 5298 traduntur
1395 5237 1411 5295 3
1439 5241 1558 5293 ostano!
1580 5253 1611 5266 -·

324 5335 481 5400 Assoron.
1677 5367 1678 5428 l
