3402 5924
547 600 705 651 6666666
722 599 925 650 6666666666.
1361 582 1408 654 53

67 811 139 850 areas
158 803 314 865 quaternas
338 811 411 852 cum
436 795 560 853 totidem
581 797 758 868 marginibus
780 794 899 864 habent,
933 796 1016 850 cuius
1038 794 1130 850 iorma
1152 795 1228 850 inter
1249 793 1410 850 6666166666

66 912 117 954 666
137 905 223 953 exstat
244 900 301 954 nisi
324 913 387 954 uno
413 899 552 972 exemplo
577 892 617 974 (n.
640 894 704 976 66).

142 1003 348 1072 inscriptiones
376 1004 409 1058 in
438 1003 586 1060 Perusinis
614 1019 732 1076 quoque
762 1005 800 1060 ita
829 1001 924 1058 iactae
952 1007 1034 1070 sunt,
1068 1007 1100 1057 ut
1129 1001 1241 1057 litterae
1264 1003 1293 1056 in
1317 1000 1408 1057 iorme

66 1102 279 1162 inscriberentur
301 1107 446 1162 inversae
466 1101 554 1182 (unde
569 1113 695 1164 erratum
712 1113 757 1162 est
771 1105 822 1162 sed
845 1117 923 1172 raro,
950 1121 997 1162 ex.
1014 1119 1059 1176 gr.
1076 1109 1113 1162 86
1138 1121 1166 1158 v.
1184 1109 1199 1162 8
1218 1098 1245 1180 6)
1265 1106 1294 1160 66
1317 1120 1410 1176 eaque

65 1222 116 1262 nna
136 1223 198 1264 cum
227 1209 335 1280 glande
366 1211 436 1282 ipsa
464 1211 664 1268 funderentur.
712 1210 769 1266 Sed
792 1226 821 1267 n.
843 1211 881 1267 66
905 1207 1069 1278 scariphata
1095 1214 1139 1264 est
1167 1209 1198 1264 in
1226 1207 1330 1280 glande
1353 1210 1410 1263 iam

65 1309 120 1364 insa
142 1317 169 1366 et
189 1311 293 1367 litteris
317 1313 446 1384 quidem
470 1317 593 1370 cursivis
615 1317 645 1370 in
667 1317 742 1370 areis
765 1313 800 1368 ad
823 1312 880 1370 hoc
902 1313 985 1370 lectis
1007 1311 1197 1382 eiusdemque
1220 1310 1298 1368 haud
1322 1309 1410 1366 dubie

64 1416 169 1481 generis
191 1414 243 1471 iuit
265 1431 296 1470 6.
319 1419 375 1474 66.
426 1417 551 1473 Litterae
573 1419 680 1473 incisae
702 1416 749 1472 661
773 1415 854 1472 66616
876 1417 995 1472 incusas
1017 1419 1084 1470 sunt
1105 1413 1217 1485 glandis
1239 1431 1270 1470 n.
1292 1418 1344 1471 88.
1368 1443 1411 1454 -

65 1513 223 1587 Complures
237 1519 454 1591 inscriptiones
469 1534 573 1576 versus
588 1523 625 1575 ita
641 1518 795 1592 dispositos
812 1518 960 1586 exhibent,
986 1523 1018 1574 ut
1034 1505 1256 1596 βουστροφηδὸν
1273 1517 1411 1589 legendae

65 1617 127 1673 sint:
155 1623 204 1676 88.
224 1626 276 1679 56.
297 1627 352 1680 68.
376 1627 431 1680 69.
456 1627 507 1679 69.
529 1627 564 1681 86
590 1624 680 1678 666616
702 1623 911 1694 quaternisque
934 1619 1068 1678 versibus
1090 1627 1120 1678 66
1141 1621 1262 1677 tortasse
1286 1625 1410 1678 6916.

68 1720 196 1779 86161616
218 1723 360 1782 versibus
387 1743 437 1781 66.
463 1731 607 1782 exaratae.

145 1827 207 1883 Non
236 1845 354 1900 paucae
385 1831 485 1886 insunt
507 1830 537 1884 66
559 1830 706 1886 Perusinis
735 1827 889 1901 glandibus
911 1829 1114 1899 inscriptiones
1136 1833 1194 1884 tam
1217 1827 1349 1896 detritae,
1381 1833 1413 1883 ut

67 1931 117 1984 nisi
137 1929 198 1985 aliis
213 1932 440 2002 exemplaribus
461 1935 585 2004 repertis
602 1933 638 1988 de
661 1939 740 1989 certa
762 1933 887 1989 lectione
909 1931 971 1988 iero
986 1929 1202 2001 desperandum
1224 1946 1288 1986 6666
1311 1931 1414 1987 videa·

67 2034 119 2084 tur.
163 2034 252 2089 iniis
274 2038 315 2091 ita
339 2042 478 2092 versatus
500 2051 579 2104 sum,
605 2043 711 2093 66666
733 2041 860 2104 tractus,
894 2049 969 2106 quos
991 2035 1153 2108 qualesque
1176 2034 1245 2090 mihi
1268 2034 1413 2090 detexisse

68 2135 140 2190 61666
160 2151 235 2204 sum,
262 2139 345 2195 sicut
370 2140 451 2210 potui
473 2141 663 2211 transcriptos
686 2145 955 2211 repraesentarem,
989 2153 1164 2210 quamquam
1188 2145 1414 2194 consentaneum

68 2243 123 2302 est,
155 2241 298 2298 eiusmodi
331 2243 456 2312 vestigia
478 2243 638 2299 litterarum
666 2242 803 2312 fugientia
833 2241 1017 2311 fortuitisque
1039 2241 1162 2298 maculis
1186 2243 1272 2296 etiam
1295 2242 1415 2297 contusa

69 2347 94 2395 66
120 2339 272 2400 6166666666
303 2361 368 2402 666
397 2359 484 2414 posse
512 2347 580 2401 satis
609 2351 688 2401 66666
711 2345 806 2416 excipi
829 2346 884 2400 nisi
906 2351 972 2415 post
994 2344 1215 2414 explicationem
1238 2359 1336 2400 veram
1359 2342 1415 2398 ali-

68 2450 203 2514 quatenus
226 2447 334 2504 saitem
359 2449 518 2504 inventam.
565 2447 758 2520 Photographi
787 2453 848 2504 arte
878 2449 907 2503 in
935 2447 981 2502 his
1009 2446 1224 2518 exemplaribus
1254 2447 1315 2502 iere
1345 2446 1415 2502 nihil

69 2547 221 2620 proficitur,
249 2567 320 2607 nam
343 2553 440 2624 imago
457 2557 488 2606 ut
512 2553 707 2624 inscriptionis
722 2567 826 2624 parum
842 2553 880 2606 ita
902 2550 1084 2608 iortuitarum
1099 2550 1279 2607 macularum
1295 2551 1417 2606 nimium

70 2659 278 2720 repraesentem
308 2654 347 2711 ab
365 2657 478 2726 ectypis
499 2661 595 2712 autem
618 2653 758 2712 iaciendis
781 2656 810 2709 in
833 2669 934 2712 eorum
956 2654 1105 2726 plerisque
1121 2652 1284 2710 cavendum
1300 2660 1353 2722 est,
1380 2669 1417 2710 ne

72 2751 181 2826 robigo,
213 2772 292 2827 quae
316 2759 463 2826 excrevit,
497 2757 582 2814 66166
604 2757 725 2814 1666161116
748 2756 880 2814 16666666
901 2757 1121 2829 litterarumque
1150 2757 1309 2826 fragmenta
1332 2757 1418 2812 etiam

73 2856 156 2926 magis
177 2859 409 2926 perturbentur:
449 2860 479 2916 id
501 2861 581 2932 quod
603 2862 712 2918 iactum
728 2875 795 2916 6666
809 2859 867 2916 6661
891 2862 920 2916 16
936 2859 1082 2916 nonnullis
1104 2859 1267 2931 glandibus,
1294 2875 1420 2931 quarum

74 2959 101 3011 in
121 2962 211 3016 musei
233 2961 337 3020 Sancti
360 2963 496 3020 Germani
523 2979 609 3020 usum
638 2965 734 3020 minus
756 2968 839 3018 caute
870 2969 973 3034 ectypa
1001 2962 1123 3020 formata
1153 2979 1219 3020 esse
1242 2963 1350 3020 audivi.
1376 2991 1420 3002 -

75 3059 149 3128 Quae
170 3067 306 3134 quamvis
338 3068 376 3121 166
406 3067 478 3138 6166,
509 3069 621 3136 sperari
643 3067 713 3122 licet
734 3065 813 3134 1666,
847 3071 880 3120 66
901 3065 981 3133 61616,
1015 3066 1064 3137 qui
1095 3065 1203 3122 diutius
1227 3065 1361 3122 Perusiae
1389 3068 1419 3122 in

74 3163 143 3220 hane
171 3182 293 3238 operam
326 3167 497 3226 incumbere
526 3175 678 3241 poterunt,
712 3167 853 3239 quasdam
884 3167 986 3224 harum
1014 3170 1234 3240 inscriptionum
1265 3169 1368 3227 meiius
1391 3177 1419 3226 et

77 3267 184 3336 plenius
205 3270 308 3342 legere
333 3273 489 3343 contingat.

156 3373 360 3445 interpretatio
376 3373 531 3430 multarum
547 3374 656 3431 incerta
678 3374 851 3445 relinquitur
872 3387 927 3429 nec
943 3373 1036 3430 solum
1052 3374 1222 3430 detritarum
1238 3375 1284 3430 vel
1303 3376 1420 3432 mutila-

79 3489 148 3542 rum‚
173 3476 226 3532 sed
247 3481 339 3534 etiam
360 3478 547 3548 integrarum,
576 3477 612 3533 de
627 3493 752 3548 quarum
775 3477 899 3532 lectione
920 3481 1041 3544 constat,
1068 3479 1192 3534 maxime
1210 3482 1260 3535 86.
1281 3482 1417 3537 86-88,

79 3575 196 3646 ignosci
218 3585 320 3637 666666
341 3589 465 3651 possunt
485 3581 559 3638 haec
582 3581 644 3637 iere
666 3595 792 3649 genera:

84 3709 107 3785 6)
139 3717 294 3788 inscriptus
309 3723 354 3772 est
369 3719 405 3787 is,
424 3719 508 3773 ouius
523 3719 603 3772 iussu
618 3717 699 3786 glans
714 3717 789 3772 66666
806 3723 865 3772 est:
896 3715 1002 3772 Caesar
1016 3717 1087 3788 imp.
1105 3721 1154 3784 68,
1175 3717 1264 3774 liuius
1280 3720 1350 3789 imp.
1369 3725 1419 3786 68,

140 3817 273 3877 6611666666
293 3819 416 3876 militum
432 3819 577 3891 adscripta
599 3820 712 3890 legione
729 3823 780 3888 16,
806 3818 970 3890 primipilus
993 3818 1106 3889 legione
1122 3819 1169 3876 vel
1191 3819 1336 3892 adscripta
1359 3817 1418 3896 (69.

142 3925 190 3978 it.
219 3927 272 3980 18.
299 3923 358 3979 iit
383 3917 434 3997 19)
457 3923 504 3978 661
527 3923 633 3980 omissa
653 3915 731 3998 (16).
776 3921 819 3978 666
843 3921 921 3978 idem
943 3936 1035 3990 genus
1063 3921 1184 3978 tortasse
1207 3925 1353 3994 pertinent
1384 3929 1421 3982 16

143 4024 175 4076 o.
192 4027 231 4081 611.
255 4024 305 4082 06.
325 4027 378 4098 leq.
398 4027 465 4094 1111,
495 4031 532 4083 82
556 4027 590 4080 L.
609 4026 689 4081 116666
712 4024 812 4098 Optoti
835 4042 852 4080 o
875 4039 943 4091 m..,
972 4029 1008 4081 88
1035 4025 1069 4078 D.
1091 4024 1159 4080 Tod.
1179 4025 1229 4082 Po.

87 4125 112 4206 i}
140 4135 220 4207 legio,
252 4140 335 4194 cuius
358 4143 441 4193 erant
463 4137 640 4194 funditores:
682 4138 702 4192 l.
722 4137 781 4192 Xii
803 4139 853 4202 86,
881 4135 1105 4191 1111166666
1129 4141 1178 4206 89,
1207 4137 1303 4209 1.Χ1,·
1329 4139 1425 4195 divom

144 4239 249 4296 lolium
273 4244 312 4296 11
336 4245 365 4296 66
388 4241 408 4296 1.
427 4241 485 4310 Χ1;
512 4241 571 4296 diu.
590 4240 646 4295 iol.
666 4243 718 4312 18,
743 4240 764 4293 i.
784 4255 809 4294 e.
830 4238 927 4294 divom
949 4237 1052 4294 iulium
1074 4239 1251 4295 ulciscamur
1272 4240 1320 4297 vel
1343 4243 1427 4298 simi-

145 4341 223 4412 liter,
259 4342 336 4414 quod
367 4343 489 4400 fortasse
511 4359 527 4398 a
550 4340 690 4398 militibus
717 4345 783 4414 post
809 4341 940 4396 Caesaris
963 4356 1064 4397 necem
1088 4342 1280 4399 exclamatum
1303 4347 1427 4401 nominis

144 4443 296 4504 honorifici
318 4447 409 4502 instar
430 4444 560 4501 additum
583 4452 636 4501 est.
684 4445 835 4516 Nusquam
862 4443 1041 4500 funditorum
1068 4443 1173 4502 cohors
1201 4439 1325 4521 (Caesar.
1345 4447 1376 4504 b.
1396 4465 1423 4504 o.

147 4552 173 4616 8,
195 4553 209 4606 6
237 4541 300 4624 68)
327 4555 377 4604 aut
399 4549 443 4604 ala
470 4541 574 4623 (16166.
594 4532 669 4603 illex.
689 4553 718 4620 2,
739 4551 757 4603 1
781 4539 798 4623 ξ
817 4539 845 4622 9)
873 4547 1010 4618 inscripta
1033 4553 1088 4602 est.

92 4649 116 4730 8)
146 4661 365 4718 acclamationes
381 4666 410 4716 et
432 4661 655 4730 imprecationes
678 4661 743 4718 ioco
766 4659 881 4714 militari
897 4659 1004 4716 iactae:
1045 4661 1080 4716 L.
1094 4661 1199 4716 Antoni
1214 4661 1303 4729 coloe,
1327 4665 1428 4736 peristi

148 4763 174 4820 C.
194 4765 326 4821 Caesaris
347 4765 471 4819 victoria
495 4767 545 4830 66,
572 4762 638 4818 alia.

167 4919 307 4991 Legiones
322 4923 522 4976 memorantur
536 4915 607 4972 hae:
643 4917 766 4972 111169.
786 4918 836 4984 10,
861 4915 895 4969 Vi
908 4919 960 4972 72.
979 4917 1030 4984 18,
1054 4909 1215 4993 (111661),
1234 4917 1425 4987 Χ616-18,

91 5017 140 5074 iiii
160 5027 192 5080 86
222 4997 387 5092 eademque
409 5021 516 5076 66666666
541 5019 685 5091 appellata
711 5022 761 5075 80.
809 5017 949 5074 Fulminis
977 5020 1088 5090 insigne
1119 5020 1258 5092 exemplis
1286 5020 1353 5076 Xili
1381 5037 1431 5077 re-

92 5133 294 5190 praesentatum
326 5131 371 5180 est
399 5115 437 5199 (6.
467 5125 523 5180 toi
555 5123 618 5178 sine
649 5113 861 5194 inscriptione),
895 5137 1019 5193 quorum
1050 5139 1117 5179 cum
1147 5128 1197 5180 68.
1226 5129 1362 5182 66-68.
1390 5127 1428 5181 11

92 5221 317 5286 Caesarianorum
341 5243 408 5284 esse
429 5231 551 5294 constet,
580 5225 657 5281 idem
673 5223 864 5294 probabiliter
878 5230 1020 5282 statuetur
1040 5225 1076 5282 de
1099 5229 1216 5282 ceteris.
1262 5225 1432 5282 666-6616616

94 5328 169 5386 tribui
199 5339 281 5390 certo
310 5336 435 5405 possunt
466 5327 586 5400 glandes
611 5333 662 5387 52.
690 5333 740 5386 68.
769 5332 820 5386 68.
849 5331 898 5383 66.
924 5331 977 5396 623
1010 5327 1095 5400 longe
1124 5329 1223 5400 piures
1253 5329 1432 5384 Caesarianis
