3466 5926
204 560 267 610 Vlll
774 549 974 602 Pnanuarm.

291 724 354 784 lam
377 722 482 802 prodit
511 724 653 799 materia,
686 740 780 801 quam
801 740 860 802 per
883 721 939 782 hos
968 719 1035 782 fere
1063 740 1177 782 novem
1201 741 1299 784 annos
1322 720 1559 800 undecumque

205 827 335 907 collegi,
372 825 560 904 subsicivis,
597 833 634 886 ut
664 833 910 886 consentaneum
942 833 1008 900 est,
1047 825 1152 904 operis
1175 833 1207 885 et
1238 827 1389 887 itinerum
1419 823 1460 886 ad
1489 825 1558 885 alia

205 929 310 992 studia
334 927 484 991 factorum
514 927 751 1009 opportunitate
780 945 870 990 usus.
917 929 1020 988 llusea
1051 936 1083 988 et
1109 927 1237 1008 publica
1266 937 1298 989 et
1320 929 1444 1008 privata
1466 945 1559 1008 quae

206 1032 335 1094 maximi
364 1041 439 1094 sunt
472 1031 623 1091 momenti
659 1030 727 1110 ipse
758 1028 824 1092 adii
857 1031 980 1108 omnic,
1017 1038 1193 1092 ceterorum
1228 1050 1373 1112 magnam
1406 1039 1553 1112 partem:

205 1135 385 1196 examinavi
414 1131 561 1213 glandes,
595 1150 677 1212 quae
709 1140 836 1194 exstant
863 1131 987 1211 Asculi,
1021 1133 1185 1213 Perusiae,
1218 1133 1333 1196 homae
1366 1133 1410 1216 (in
1440 1152 1558 1194 museo

206 1237 432 1320 Kircheriano),
458 1234 601 1316 Neapoli,
628 1235 793 1313 Monachii,
819 1233 968 1314 Berolini,
995 1233 1139 1296 Londinii
1168 1237 1210 1314 (in
1233 1255 1343 1299 museo
1358 1238 1552 1313 Britannico,

205 1339 291 1421 quod
319 1349 425 1401 tamen
460 1339 552 1418 longo
583 1338 692 1418 plures
720 1337 862 1418 possidet
891 1337 1027 1400 Graecas
1060 1356 1156 1418 quam
1179 1339 1335 1422 Latinas),
1372 1339 1554 1418 Mediolani,

205 1444 379 1520 Bononiae,
417 1442 612 1520 Florentiae,
654 1441 821 1521 liugnani,
858 1441 1016 1519 basileae,
1052 1441 1288 1523 Sigmaringae,
1329 1443 1476 1505 Erbachii
1510 1441 1557 1505 ad

206 1545 441 1624 lluemlingam,
465 1543 670 1619 Mannhemii,
696 1543 901 1623 Francofurti,
927 1545 1122 1626 Mogontiaci,
1142 1545 1332 1627 Wieshadis,
1355 1547 1556 1608 Kassenichii

206 1667 305 1730 prope
329 1650 478 1708 bonnam.
534 1648 750 1708 Transmissae
780 1665 907 1727 quoque
936 1647 1014 1708 mihi
1043 1656 1118 1709 sunt
1145 1648 1276 1728 glandes
1303 1647 1559 1712 aFeuardentio

206 1751 354 1832 Parisino,
382 1751 637 1831 Bourguignonio
659 1750 881 1830 Neapolitano,
916 1750 1046 1812 Vittorio
1068 1751 1287 1832 linguonensi,
1314 1752 1430 1814 Zahnio
1452 1753 1559 1814 Grae-

206 1854 317 1931 ciensi,
335 1855 454 1916 muscis
469 1854 731 1934 Sigmaringensi,
750 1851 978 1931 Anshachensi,
997 1853 1208 1934 hlonachensi,
1228 1855 1435 1918 Berolinensi.
1454 1854 1560 1916 Deni-

205 1977 269 2039 que
280 1955 457 2038 glandium,
471 1975 553 2037 quae
565 1965 771 2018 asservantur
783 1956 935 2034 Panormi,
952 1953 1071 2036 Cofalh,
1087 1957 1261 2036 Catanzari,
1276 1960 1437 2038 Tergeste,
1452 1959 1553 2037 Vtini,

209 2060 425 2140 vindobonae,
453 2061 579 2122 Parisiis
605 2061 648 2140 (in
663 2059 802 2140 puhlicis
818 2055 963 2138 muscis),
989 2057 1072 2138 apud
1090 2060 1122 2121 S.
1141 2061 1345 2142 Germanum,
1371 2060 1553 2142 Luguduni,

209 2164 348 2243 Tolosae,
375 2162 534 2238 Trivultii‚
559 2163 711 2242 Basileae,
737 2161 852 2226 Leidae
881 2163 945 2244 [ubi
961 2163 1068 2225 nullae
1085 2173 1207 2225 exstant
1223 2163 1376 2245 latinae),
1401 2165 1554 2242 llavniae,

206 2267 394 2348 Liverpoolii
417 2266 469 2328 vel
493 2277 604 2347 ectypa
619 2267 669 2327 vel
692 2266 872 2347 apographa
896 2285 1019 2328 mecum
1035 2266 1348 2328 communicaverunt
1370 2283 1557 2328 museorum

208 2370 383 2433 directores
406 2379 437 2433 et
459 2373 571 2451 amici,
598 2369 717 2452 quibus
739 2369 818 2432 viris
842 2387 899 2449 pro
921 2367 1088 2430 beneficiis
1111 2368 1144 2429 in
1168 2369 1249 2430 hanc
1272 2388 1399 2449 operam
1423 2369 1558 2430 conlatis

206 2475 323 2554 gratias
353 2474 507 2536 maximas
537 2473 642 2536 lihons
672 2492 742 2554 ago.
789 2472 913 2552 Operae
943 2471 1042 2550 igitur
1064 2489 1126 2532 non
1148 2473 1299 2552 peperci,
1333 2479 1369 2533 ut
1391 2470 1557 2552 glandium

207 2576 293 2657 qnod
323 2577 444 2657 ubique
472 2577 611 2638 inveniri
639 2585 746 2658 posset
773 2575 966 2654 colligerem.
1023 2572 1143 2646 Quodsi
1174 2584 1280 2636 tamen
1303 2573 1442 2654 aliquid,
1469 2571 1557 2654 quod

206 2679 309 2741 honae
332 2681 373 2740 sit
395 2677 508 2760 frugis,
539 2697 591 2740 me
614 2679 760 2759 latuerit,
787 2699 861 2761 rogo
884 2700 952 2758 eos,
988 2679 1044 2760 qui
1067 2678 1230 2756 noverint,
1264 2686 1300 2738 ut
1323 2696 1446 2738 mecum
1468 2695 1558 2737 com-

208 2784 371 2844 municent
401 2817 443 2828 —
470 2781 555 2863 quod
586 2780 687 2843 bonae
716 2783 757 2843 sit
787 2781 906 2864 frugiS,
943 2781 1029 2864 dixi,
1065 2800 1138 2842 nam
1169 2781 1351 2860 spuriarum
1380 2799 1485 2860 nuper
1513 2779 1558 2840 ab

207 2884 364 2948 Asculano
388 2885 440 2946 illo
457 2886 639 2946 incusarum
662 2885 793 2947 minime
809 2885 920 2948 dubito
936 2885 1014 2965 quin
1031 2884 1126 2946 etiam
1143 2883 1366 2964 multoplures
1388 2883 1421 2944 in
1437 2883 1558 2944 museis

207 2989 344 3058 maxime
378 2988 512 3068 privatis
547 2987 725 3050 reconditae
759 2989 824 3050 sint
857 2987 907 3050 vel
938 3008 956 3048 a
990 2985 1241 3068 negotiatoribus
1274 2985 1550 3048 circumferantur.

207 3091 277 3170 lpse
306 3109 378 3152 cum
410 3089 451 3151 ad
478 3087 541 3152 duo
574 3089 660 3150 milia
698 3108 807 3152 earum
837 3091 1104 3168 examinaverim,
1143 3092 1220 3151 satis
1252 3107 1413 3170 superque
1442 3088 1554 3150 fecisse

207 3193 285 3254 mihi
308 3192 436 3274 videor,
469 3211 532 3272 quo
556 3191 686 3254 fraudes
714 3193 943 3255 evincerentur
965 3201 996 3254 et
1025 3193 1156 3255 allieas
1185 3210 1356 3272 agnoscere
1379 3191 1548 3254 discerent.

209 3296 318 3358 Plures
341 3293 474 3376 glandes
497 3293 690 3358 adulteratas
713 3297 900 3377 conquirere
923 3306 956 3358 et
981 3296 1077 3358 edere
1100 3297 1221 3359 nullius
1242 3295 1336 3376 plane
1359 3313 1437 3356 usus
1460 3294 1549 3372 foret,

208 3399 331 3460 etiamsi
362 3398 541 3479 exspectari
573 3408 680 3478 posset
709 3417 806 3460 novas
837 3397 1058 3478 inscriptiones
1088 3399 1203 3461 multas
1231 3398 1354 3478 acquiri
1385 3417 1493 3479 posse,
1520 3395 1552 3457 id

209 3500 294 3580 quod
311 3520 404 3563 secus
419 3510 477 3580 est,
505 3519 577 3562 nam
592 3499 749 3562 officinam
764 3501 952 3564 Aeculanum
969 3511 1089 3564 constat
1111 3501 1271 3564 inlinitum
1294 3499 1361 3563 fere
1384 3519 1552 3562 numerum

209 3603 372 3684 glandium
388 3601 556 3666 excudisso
572 3601 630 3665 sed
645 3602 754 3666 formis
770 3603 862 3683 longe
877 3605 1080 3685 paucioribus
1098 3603 1237 3684 (fortasse
1253 3605 1381 3666 circiter
1393 3601 1548 3678 ducentis)

208 3725 298 3768 usam
314 3725 395 3769 esso.
413 3707 532 3769 -Eas
556 3705 658 3786 falsaS,
687 3726 768 3788 quae
791 3708 824 3768 in
840 3708 959 3771 museis
974 3707 1112 3789 publicis
1135 3718 1167 3769 et
1184 3707 1383 3789 publicorum
1400 3706 1465 3768 fere
1487 3706 1553 3767 loco

209 3807 365 3871 habendis
387 3809 520 3890 privatis
549 3808 771 3891 adservantur,
797 3819 953 3890 quotquot
975 3811 1051 3873 mihi
1075 3820 1167 3873 notae
1190 3821 1281 3886 sunt,
1308 3810 1451 3888 exhibui,
1478 3809 1554 3870 reli-

208 3931 345 3992 quarum
368 3931 422 3974 eas
450 3921 572 3974 tantum
601 3911 732 3991 admisi,
765 3931 847 3994 quae
877 3913 918 3975 ab
948 3913 1018 3976 aliis
1041 3915 1102 3976 iam
1125 3913 1228 3977 editae
1251 3923 1359 3994 erant,
1385 3915 1446 3976 nisi
1470 3911 1552 3993 qnod

210 4017 242 4077 in
266 4013 459 4094 quibusdam
487 4013 545 4078 sed
568 4015 679 4096 paucis
708 4033 760 4077 res
788 4016 856 4096 ipsa
877 4018 1037 4098 poposcit,
1071 4027 1106 4080 ut
1135 4018 1284 4079 universa
1314 4019 1414 4080 series
1436 4035 1554 4100 propo-

209 4127 353 4180 neretur.
378 4121 608 4180 —Praeterea
632 4128 695 4180 tam
727 4121 758 4180 in
783 4119 931 4200 genuinis
954 4138 1047 4200 quam
1072 4120 1104 4181 in
1135 4120 1252 4201 spuriis
1275 4119 1409 4182 edendis
1425 4138 1553 4201 operam

210 4220 295 4302 dedi,
322 4230 358 4282 ut
380 4221 504 4302 singula
528 4223 683 4302 cuiusque
706 4223 809 4285 musei
832 4223 1028 4303 exemplaria
1050 4233 1194 4284 accurate
1217 4222 1473 4302 significarentur
1495 4220 1554 4282 ad-

208 4324 354 4404 scriptis,
380 4323 483 4403 quoad
506 4325 576 4386 eius
599 4324 668 4385 fleri
685 4333 823 4406 poterat,
850 4325 982 4406 catalogi
1006 4327 1163 4404 numeris,
1190 4344 1230 4387 ne
1255 4324 1438 4406 ambiguum
1455 4335 1549 4402 esset,

208 4425 249 4487 ad
281 4425 366 4507 quod
397 4427 561 4508 exemplar
590 4446 696 4489 meum
728 4426 768 4488 de
800 4426 906 4490 indole
936 4437 967 4490 et
1000 4429 1133 4490 lectione
1165 4428 1318 4491 iudicium
1349 4427 1553 4490 referendum

135 4537 140 4544 '
209 4539 269 4591 est.
313 4529 391 4590 Nam
405 4531 463 4592 hoc
480 4530 544 4592 solo
563 4529 654 4591 modo
675 4529 780 4610 (quem
797 4531 961 4593 Garruccii
977 4551 1053 4594 sane
1069 4532 1189 4594 evitare
1210 4531 1324 4610 solent,
1350 4543 1386 4594 ut
1400 4531 1552 4594 latebram

209 4641 457 4694 commentorum
480 4651 611 4695 suorum
634 4631 780 4714 habeant)
809 4652 945 4710 errores,
975 4635 1030 4715 qui
1054 4643 1141 4696 tanto
1164 4653 1260 4714 opere
1283 4635 1426 4713 homines
1448 4634 1554 4696 doctos

210 4745 408 4798 vexaverunt
430 4745 462 4798 et
484 4734 523 4797 ad
547 4737 651 4818 iurgia
674 4755 800 4816 quoque
824 4737 1088 4814 sollicitaverunt,
1114 4736 1282 4816 glandibus
1306 4738 1453 4816 genuinis
1476 4756 1554 4818 spu-

209 4837 281 4916 riis,
314 4838 503 4901 lectionibus
525 4840 610 4901 veris
633 4839 723 4901 falsis
750 4849 871 4902 temere
902 4849 957 4902 aut
984 4839 1091 4902 dolose
1114 4841 1267 4920 confusis,
1301 4839 1499 4921 deprehendi
1522 4848 1555 4899 et

209 4939 363 5003 confutari
385 4950 570 5023 potuerunt.

295 5044 398 5105 Lectio
421 5046 663 5126 inscriptionum
686 5065 782 5127 saepe
805 5045 944 5108 difficilis
968 5055 1027 5125 est,
1053 5047 1173 5127 quippe
1190 5063 1326 5126 quarum
1349 5045 1474 5108 litterae
1490 5065 1553 5108 non

211 5164 280 5207 raro
304 5144 440 5209 detritae
463 5151 528 5210 sint
550 5158 582 5211 et
605 5149 695 5210 facile
725 5147 960 5211 confundantur
987 5167 1059 5210 cum
1083 5147 1221 5210 fortuitis
1245 5148 1366 5230 plumbi
1389 5151 1554 5230 particulis

209 5248 436 5314 eminentibus.
499 5251 618 5314 idcirco
654 5253 685 5312 in
717 5251 766 5313 his
794 5271 889 5331 quam
918 5255 1052 5314 maxime
1082 5271 1161 5334 opus
1184 5263 1232 5315 est
1260 5263 1293 5315 et
1321 5252 1418 5314 oculis
1440 5252 1554 5334 peritis
