3466 5926
285 595 342 643 XX

854 585 1053 639 PRAEFATIO.

331 761 363 821 6.
387 757 642 822 llaraabotto.
691 757 740 820 lbi
768 767 833 820 tres
861 757 995 839 glandes
1025 767 1173 841 repertae
1201 769 1277 822 sunt
1307 758 1358 842 (ol.
1390 763 1482 824 Gozz.
1515 781 1548 844 p.
1568 765 1635 846 62),

387 880 524 942 quarum
547 880 610 925 una
631 859 776 942 pendens
800 861 838 922 to
855 880 902 942 gr.
928 861 1061 924 exhibet

706 971 752 1026 tre
773 965 802 1025 X
823 964 976 1028 alternate
997 965 1030 1026 in
1052 964 1112 1027 due
1133 965 1219 1048 ripae

390 1092 524 1166 oppocto
557 1102 637 1147 coma
669 1083 876 1146 s'incoatrcao
909 1103 1027 1146 ancora
1058 1083 1179 1168 prosfite
1202 1091 1284 1148 tanto
1315 1088 1348 1148 ie
1380 1106 1424 1148 66
1445 1107 1521 1152 vaso
1548 1091 1637 1170 fictile

388 1195 500 1268 quanto
523 1188 555 1249 in
577 1205 622 1247 66
644 1187 759 1250 ciottolo
781 1185 864 1248 dallo
884 1188 1038 1270 necropola'
1057 1187 1092 1250 da'
1119 1188 1321 1252 Morsabotto.
1376 1191 1460 1253 Haec
1482 1201 1639 1255 memorat

387 1290 572 1369 Gouradini,
613 1289 647 1352 dt
666 1308 729 1351 666
757 1306 878 1370 accrop.
910 1308 931 1351 α
952 1289 1145 1354 6666666666
1174 1292 1224 1354 oet
1249 1292 1415 1375 Bolopncsc
1438 1295 1521 1356 6865
1544 1316 1579 1378 p.
1597 1297 1634 1357 63

387 1393 497 1457 addita
525 1392 664 1474 imagine
694 1390 759 1454 tab.
780 1391 830 1472 69,
851 1394 881 1472 9,
917 1412 981 1474 qua
1010 1402 1118 1456 tamen
1148 1393 1230 1457 duae
1261 1404 1383 1460 tuntum
1405 1399 1434 1459 X
1464 1417 1637 1479 expressae

387 1507 478 1578 sunt,
505 1498 580 1559 hae:

385 2047 485 2108 altera
507 2044 653 2127 pendens
677 2047 717 2110 28
741 2066 789 2128 gr.
813 2045 927 2110 habet:

937 2169 969 2231 V

384 2287 436 2353 666
454 2303 520 2367 pua·
542 2287 572 2348 si
591 2285 665 2348 voda
686 2305 747 2348 666
770 2287 804 2349 di
823 2287 901 2350 rado
931 2288 963 2349 in
982 2286 1106 2370 fiprcls'ne
1135 2287 1171 2349 ed
1193 2289 1226 2349 ic
1255 2287 1367 2350 bronzi
1391 2289 1526 2353 etmsclti
1551 2301 1632 2356 teste

384 2387 497 2452 eodem
512 2387 700 2452 Gozzadinio
724 2391 743 2452 l.
760 2391 782 2451 l.
807 2425 851 2436 -
872 2389 921 2454 Cl.
947 2389 1059 2452 Koerte
1081 2385 1198 2453 Annali
1216 2390 1283 2453 dell
1299 2393 1376 2454 last.
1398 2391 1479 2454 6877
1503 2414 1537 2475 p.
1557 2395 1630 2457 670.

385 2493 448 2556 flas
477 2491 610 2572 glandes
645 2511 716 2555 oum
738 2494 877 2554 Romana
906 2501 1007 2554 aetate
1029 2493 1154 2573 priores
1177 2513 1247 2557 esse
1269 2493 1435 2575 probabile
1458 2499 1516 2576 sit,
1550 2499 1581 2560 h.
1607 2499 1630 2559 l.

383 2604 473 2659 extra
495 2594 640 2658 ordinem
662 2596 844 2659 memoravi.

326 2700 356 2762 5.
383 2699 592 2761 Faesulae:
620 2697 694 2761 vide
716 2719 750 2780 p.
767 2699 838 2760 XIX
859 2717 892 2759 n.
910 2699 941 2778 3,
957 2699 981 2759 l.

326 2803 377 2865 lla.
407 2801 631 2884 [Florentiam
657 2800 731 2863 vide
755 2802 896 2863 Hirrum
920 2800 1004 2864 inlra
1025 2819 1057 2882 p.
1083 2801 1218 2884 XXXV}

326 2907 356 2966 6.
384 2906 522 2988 Poppa'o
552 2904 609 2967 del
640 2905 869 2967 Castellcre
897 2923 994 2986 supra
1023 2905 1124 2966 Pisam
1153 2905 1185 2966 in
1215 2907 1285 2986 ripa
1308 2904 1420 2968 dextra
1442 2905 1540 2990 Arni,
1575 2907 1631 2970 ubi

382 3007 488 3069 inlinit
515 3009 606 3070 rivus
633 3009 777 3070 Ferezza.
823 3008 914 3070 Nello
940 3005 1069 3088 pandiae
1101 3007 1135 3070 di
1162 3015 1265 3090 qaaesto
1295 3010 1402 3092 Poypio
1430 3009 1483 3072 666
1507 3011 1633 3093 picordc

381 3113 529 3191 Leucate,
560 3112 589 3172 si
611 3119 738 3173 trovato
766 3127 868 3192 spesso
897 3118 976 3173 certe
997 3109 1128 3193 9666666
1150 3110 1183 3174 di
1200 3109 1337 3192 plombo,
1370 3111 1405 3174 di
1422 3129 1493 3192 peso
1515 3113 1551 3176 di
1571 3113 1631 3176 dc-

380 3215 457 3276 666Ι
476 3215 516 3278 26
546 3213 600 3294 [--
616 3214 668 3294 st,
687 3233 715 3276 aa
737 3212 797 3294 gn]
823 3211 860 3276 ed
883 3213 979 3276 66666
1000 3211 1027 3274 d
1049 3213 1101 3275 un’
1126 3214 1213 3276 cocio
1238 3212 1292 3295 [=
1307 3215 1359 3294 28,
1378 3233 1406 3278 aa
1420 3213 1481 3296 gn]
1507 3215 1529 3278 l'
1550 3236 1627 3300 666,

381 3318 414 3378 in
433 3313 538 3397 formo
559 3315 594 3378 di
614 3316 673 3378 due
699 3315 819 3378 concidi
845 3314 1002 3396 portatici
1029 3317 1184 3400 coripienti
1212 3316 1291 3378 collo
1317 3315 1408 3397 bose,
1445 3336 1460 3380 e
1482 3319 1578 3382 simili
1598 3321 1632 3382 in

378 3427 463 3482 certa
477 3420 619 3482 tnaniera
633 3419 694 3482 olle
707 3409 818 3481 ‘Pistre
835 3409 1021 3481 Giudaicdc'.
1042 3465 1089 3481 ...
1112 3419 1159 3482 Ua
1172 3421 1313 3500 pecoraio
1336 3417 1388 3482 che
1409 3420 1480 3483 nell'
1504 3424 1631 3484 6666666

381 3531 472 3586 atavo
493 3523 526 3584 in
548 3530 648 3605 questo
673 3524 790 3606 Poppio²
815 3541 854 3584 66
873 3521 984 3603 soccvc
1005 3522 1140 3598 clearco,
1168 3540 1243 3584 666
1265 3521 1405 3585 6666666
1424 3542 1507 3606 pron
1529 3543 1631 3607 6666-

381 3627 437 3688 tito
459 3617 489 3687 α’
508 3625 658 3707 pectolcj,
686 3644 746 3706 per
768 3625 800 3688 lo
829 3626 1047 3705 composicione
1081 3624 1162 3687 dello
1184 3627 1316 3687 neman.
1363 3627 1397 3687 lo
1426 3645 1464 3688 66
1491 3629 1632 3690 cerame

380 3747 418 3792 66
437 3726 500 3809 saci
527 3726 622 3790 66666
648 3727 836 3790 reccaredo
862 3727 957 3802 altri,
991 3746 1044 3790 ana
1071 3747 1131 3790 666
1153 3746 1191 3789 66
1209 3729 1291 3810 potci
1313 3735 1451 3808 trovare,
1492 3728 1545 3792 cde
1566 3730 1630 3792 sole

380 3832 449 3894 duc.
497 3831 542 3892 Ne
572 3829 608 3890 lio
638 3829 852 3893 contaedere
879 3830 1040 3912 parocchia
1067 3832 1263 3911 infiscare,
1293 3831 1344 3893 net
1366 3833 1470 3894 Museo
1497 3831 1547 3894 del
1568 3833 1628 3916 sip.

380 3935 524 3998 canonico
549 3932 614 3996 Cio.
644 3935 791 3997 Viuceuzo
814 3932 860 3995 de'
882 3931 1037 3996 Marchesi
1060 3933 1203 4014 Copponi,
1232 3933 1311 3996 celle
1333 3935 1422 4016 quali
1442 3937 1472 3997 si
1491 3933 1566 3996 vcdc
1587 3954 1631 3996 66

380 4039 487 4100 incoco
520 4033 657 4118 quadro,
694 4037 726 4098 in
759 4039 811 4098 cui
841 4034 965 4098 sembra
996 4035 1114 4117 sossero
1147 4035 1224 4100 delle
1256 4037 1369 4099 lettere.
1406 4082 1442 4097 ..
1484 4037 1630 4119 Targioni

379 4139 515 4201 Tozzetti
538 4137 692 4200 relacioni
713 4137 740 4200 d’
765 4139 871 4202 alcuni
889 4141 994 4222 vlcppi
1015 4140 1026 4199 l
1054 4137 1158 4222 (6768)
1185 4157 1218 4219 p.
1237 4138 1312 4200 352.

323 4242 352 4306 7.
379 4241 617 4308 Montolct'oo
652 4237 761 4323 (prope
792 4239 912 4323 Sicco).
973 4241 1020 4302 lbi
1050 4251 1195 4322 repertae
1224 4251 1300 4304 sunt
1329 4251 1395 4305 tres
1423 4239 1557 4322 glandes
1580 4243 1632 4303 in-

322 4760 353 4822 8.

379 4345 551 4426 scriptione
592 4353 751 4425 carentes,
795 4363 882 4407 nunc
917 4353 1061 4407 servatae
1092 4342 1207 4406 Leidao
1238 4345 1270 4405 in
1307 4363 1417 4406 museo
1446 4343 1576 4426 publico
1605 4346 1632 4407 V

379 4449 560 4510 868-850.
605 4449 725 4529 Ectypa
748 4447 867 4527 insigni
890 4445 1105 4509 benivolentia
1128 4447 1204 4508 mihi
1226 4447 1313 4508 misit
1333 4447 1463 4509 Carolus
1478 4449 1632 4509 Leemans

378 4571 406 4614 a.
428 4552 522 4614 6880.
571 4552 617 4615 Cl.
635 4553 778 4632 lanssen,
805 4550 841 4613 de
858 4548 1029 4629 Grieltsclte,
1055 4549 1248 4612 llomeinsclre
1270 4568 1307 4611 66
1326 4549 1505 4612 litt-ariscio
1520 4551 1632 4614 Monu-

378 4663 497 4718 meateo
511 4673 573 4717 666
588 4656 637 4717 det
652 4656 791 4718 Muscam
806 4671 869 4716 666
885 4651 1038 4716 66666666
1054 4659 1081 4714 te
1096 4652 1215 4733 Lepdcc
1235 4651 1373 4734 (Leyden
1392 4651 1483 4734 l8l8)
1505 4672 1536 4734 p.
1554 4654 1628 4714 368.

380 4759 556 4821 Clusium
572 4769 604 4820 et
619 4759 686 4819 loca
698 4758 781 4821 lacui
793 4756 975 4819 Trasimeno
987 4756 1107 4819 vicina:
1127 4753 1200 4817 vide
1213 4755 1332 4834 pXJX,
1348 4769 1382 4810 111
1393 4767 1474 4831 etv1;
1490 4773 1524 4816 n.
1536 4754 1588 4836 72,
1603 4775 1628 4818 a.

379 4863 443 4924 Hoc
458 4861 523 4923 loco
540 4859 686 4924 addenda
703 4869 751 4922 est
767 4860 858 4940 glans
879 4849 1015 4940 ‘reperta
1032 4860 1065 4921 in
1082 4859 1147 4921 loco
1163 4860 1217 4940 qui
1233 4857 1351 4920 dicitur
1368 4858 1388 4920 l'
1405 4858 1516 4920 Ossac'o
1531 4877 1631 4939 prope

380 4965 559 5028 Cortonam.
606 4963 796 5027 Asservatur
818 4963 914 5026 Firmi
938 4963 970 5025 in
993 4981 1103 5026 museo
1126 4961 1269 5024 Caietani
1291 4950 1485 5024 Deminiois'.
1512 4979 1600 5023 rann.

894 5098 1018 5146 lnltlll

949 5204 1017 5246 MSl

378 5307 519 5372 Fabretti
550 5307 642 5388 Corp.
675 5306 700 5368 Ι.
733 5307 770 5369 lt.
803 5324 835 5366 n.
871 5305 947 5364 6066
983 5303 1044 5384 bis,
1079 5302 1144 5366 tab.
1168 5305 1279 5366 XXXV
1314 5301 1354 5366 ad
1385 5301 1631 5367 delineationem
