3466 5926
256 590 310 638 111
829 578 1030 628 Pusurnrro.

258 753 377 832 0,0070
401 771 443 812 04.
469 752 532 812 0440
554 760 645 830 0004,
677 750 839 830 glandium
867 751 964 830 igitur
986 748 1162 812 crassitudo
1185 750 1319 812 maxima
1343 760 1411 811 erat
1435 753 1534 828 0045
1558 772 1608 813 04.

257 857 465 936 inscriptione
488 854 565 916 haec
582 851 712 934 quidem
734 854 890 934 particula
906 862 1003 914 40004.
1044 853 1162 915 Similis
1185 861 1234 914 cst
1248 853 1354 915 Sicula
1378 855 1479 934 glans,
1504 873 1610 935 quam

257 957 388 1019 exhibet
417 957 540 1019 Salinas
570 951 739 1018 donatiui:
765 957 842 1018 4004.
877 956 958 1016 4878
990 955 1052 1018 tab.
1072 955 1133 1035 rt,
1159 975 1192 1036 p.
1211 955 1265 1016 32.
1296 990 1340 1002 —
1368 957 1445 1018 Cum
1484 959 1611 1019 multae

257 1059 420 1140 glandium
453 1079 472 1120 a
495 1078 545 1121 400
568 1059 819 1121 examinatarum
841 1068 905 1121 tam
922 1061 1060 1122 Graecae
1083 1077 1178 1138 quam
1197 1059 1515 1124 Latinaeosteudant
1537 1059 1613 1121 400-

257 1181 327 1224 mae
349 1181 424 1225 suae
447 1161 604 1242 foramen,
631 1180 694 1242 quo
716 1161 882 1242 plumbum
917 1160 1160 1240 infundebatur,
1188 1181 1250 1223 non
1276 1163 1308 1224 40
1332 1163 1430 1224 latere
1458 1162 1504 1244 (04
1527 1165 1558 1224 40
1582 1163 1606 1244 4)

257 1264 314 1327 sed
338 1266 370 1326 in
393 1265 502 1328 aculeo
525 1264 650 1346 glandis
674 1265 772 1328 fuisse
801 1263 851 1346 (04.
876 1285 908 1346 p.
927 1265 968 1326 Xl
992 1263 1131 1345 princ),
1164 1265 1267 1326 adieci
1291 1265 1446 1327 eiusmodi
1470 1265 1607 1344 lormae,

257 1369 361 1448 qualis
384 1366 451 1429 4000
481 1367 579 1430 404000
602 1366 758 1446 videatur,
791 1369 958 1446 imaginem
983 1387 1000 1428 a
1023 1386 1074 1428 me
1101 1365 1237 1429 effictam
1264 1365 1327 1449 (lig.
1347 1368 1411 1450 lll).
1466 1371 1526 1432 Vix
1554 1381 1612 1431 est

257 1469 342 1550 quod
357 1489 512 1551 moneam,
538 1471 658 1532 tamin
682 1470 887 1550 illiusquam
911 1471 943 1531 in
967 1470 1062 1532 buius
1085 1470 1146 1531 4400
1163 1481 1265 1551 parte,
1292 1473 1324 1532 40
1348 1490 1409 1552 qua
1433 1471 1496 1533 duo
1519 1471 1611 1533 lora-

257 1574 343 1636 mina
366 1592 382 1634 e
405 1573 542 1654 exempli
566 1574 665 1654 gratia
689 1571 836 1652 exhibui,
863 1573 1026 1654 singulare
1049 1571 1197 1635 sulficere
1221 1575 1253 1634 in
1276 1573 1380 1636 media
1403 1584 1493 1655 parte
1517 1575 1612 1637 inse-

258 1675 405 1738 rendum.
432 1711 471 1722 -
500 1674 608 1738 Asculi
638 1674 680 1738 ad
713 1685 834 1756 portam
869 1676 1027 1756 geminam
1055 1677 1225 1738 Romanam
1255 1687 1287 1738 et
1309 1675 1469 1738 fornacem
1499 1687 1531 1738 ct
1553 1679 1613 1738 40-

257 1759 432 1842 0400400οι0
455 1778 619 1860 glandium
642 1777 896 1841 fabricandas-um
920 1779 1050 1840 inventa
1073 1797 1143 1841 esse
1166 1777 1284 1841 400004.
1332 1779 1424 1852 00044
1446 1781 1473 1842 04
1496 1791 1608 1842 tamen

257 1901 369 1944 verum
393 1891 455 1962 est,
482 1882 540 1944 hoc
563 1891 685 1944 constat
708 1901 744 1944 ea
769 1883 979 1944 instrumenta
1002 1900 1106 1962 neque
1129 1901 1147 1943 a
1170 1900 1329 1963 quoquam
1351 1881 1510 1964 descripta
1533 1901 1609 1944 esse

257 2004 362 2065 neque
384 1984 440 2046 ubi
463 2003 550 2048 nunc
572 1993 707 2065 exstent,
734 1984 892 2065 explorari
907 1984 1058 2064 potuisse,
1085 1985 1199 2064 ligulas
1221 1995 1325 2047 autem
1348 1987 1494 2060 aheneus,
1521 2003 1609 2066 quae

257 2086 408 2150 dicuntur
438 2086 511 2150 inde
542 2089 731 2168 provenire,
767 2085 871 2150 fraudi
903 2087 1045 2150 noviciae
1075 2085 1198 2149 deberi.
1260 2086 1340 2150 Vide
1369 2107 1452 2168 quae
1483 2087 1523 2150 de
1553 2089 1609 2149 his

257 2189 324 2252 dixi
347 2211 379 2272 p.
397 2193 415 2250 0
433 2209 481 2270 sq.

343 2294 452 2356 Forma
476 2311 533 2355 sua
548 2291 726 2357 0000Ιο000
747 2291 878 2374 glandes
894 2293 1048 2356 40000004
1069 2315 1088 2357 0
1105 2294 1244 2372 Graecis,
1270 2292 1446 2355 minorihus
1462 2293 1609 2374 plerum·
1726 2284 1727 2312 ¹

258 2415 321 2476 que
351 2407 383 2458 et
413 2395 661 2476 elegantioribus
691 2405 724 2458 et
745 2396 828 2458 bene
851 2397 1083 2478 acuminatis1),
1118 2416 1136 2458 a
1165 2397 1284 2477 quibus
1313 2397 1457 2477 proxime
1486 2396 1609 2458 absunt
1727 2394 1728 2404 ’

258 2499 379 2561 Pisonis
402 2497 541 2579 glandes·
557 2496 693 2578 Siculae,
720 2500 814 2580 paulo
838 2500 963 2580 lougius
982 2500 1204 2562 Perusinorum
1227 2498 1394 2580 quaedam,
1421 2517 1607 2561 cassan-rur

261 2601 303 2682 (0.
323 2601 374 2685 03)
401 2612 434 2664 04
456 2619 619 2663 4400000440
646 2599 688 2682 (0.
708 2602 758 2683 08)
786 2603 969 2683 inscriptae.
1001 2605 1066 2664 llae
1088 2601 1272 2684 amygdalae
1294 2601 1408 2664 nucleo
1423 2612 1479 2663 aut
1501 2601 1602 2681 oleae,

257 2705 433 2766 Asculanae
463 2705 577 2785 prunis
606 2703 673 2766 fere
695 2705 816 2767 similes
838 2715 923 2784 sunt,
955 2704 1161 2786 quamobrem
1184 2705 1279 2786 vulgo
1299 2723 1426 2788 proquo
1448 2705 1604 2785 appellari

257 2809 360 2870 solent
386 2805 549 2888 (Gabrielli
565 2807 648 2870 solt.
666 2801 735 2870 dell’
754 2810 830 2871 lust.
851 2807 933 2868 4879
950 2828 981 2888 p.
1004 2809 1090 2890 494).
1130 2809 1281 2888 Reliquas
1303 2807 1473 2870 formarum
1497 2805 1605 2870 varie-

258 2919 349 2991 tates,
375 2929 454 2990 quas
478 2910 592 2972 multas
621 2911 704 2972 sicut
727 2909 863 2974 Graecae
886 2913 928 2974 ita
951 2912 1077 2972 Latinae
1106 2910 1238 2992 glandes
1261 2910 1428 2992 exhibent,
1461 2911 1604 2990 singulas

258 3014 289 3074 h.
323 3015 344 3074 l.
379 3011 559 3076 describere
593 3013 674 3075 nihil
708 3017 836 3096 attinet,
879 3015 1064 3095 praesertim
1095 3033 1166 3076 cum
1200 3015 1371 3076 multarum
1402 3013 1522 3094 figurae
1556 3023 1607 3074 ta-

258 3115 344 3178 bulis
365 3117 482 3178 nostris
511 3125 767 3196 repraesentatae
790 3117 864 3179 sint.
912 3115 1075 3197 Plerisque
1103 3116 1198 3179 binae
1220 3127 1296 3180 sunt
1317 3117 1494 3198 margines,
1521 3135 1604 3197 quae

258 3217 455 3300 respondent
476 3218 562 3282 binis
585 3217 756 3282 4000400040
772 3219 934 3300 00044440ος
961 3217 1121 3299 margines
1144 3217 1210 3282 4000
1233 3219 1350 3282 desunt
1374 3219 1424 3296 iis,
1449 3238 1542 3299 quae,
1568 3227 1604 3281 ut

258 3322 357 3400 oleae,
382 3319 575 3383 orbiculatae
598 3323 726 3384 suntin
749 3331 839 3402 parte
862 3320 976 3384 media.
1021 3322 1195 3384 Nonnullae
1218 3323 1385 3404 quaternis
1407 3321 1605 3402 marginibus

259 3421 291 3485 40
315 3433 486 3504 quaternas
516 3443 608 3486 00000
639 3424 722 3486 40400
750 3443 784 3486 00
816 3423 882 3486 lere
909 3423 1058 3504 aequales
1086 3423 1208 3486 divisae
1239 3435 1315 3486 sunt
1342 3423 1384 3503 (0.
1405 3425 1455 3486 40.
1476 3426 1528 3486 03.
1548 3425 1600 3484 50.

258 3527 310 3588 08.
330 3527 382 3588 09.
402 3527 466 3589 004
481 3528 532 3590 00.
552 3526 604 3589 ta.
624 3529 676 3590 80.
696 3529 749 3589 82.
769 3529 821 3589 92.
840 3529 893 3588 94.
912 3528 964 3589 96.
984 3525 1037 3588 97.
1058 3527 1130 3589 443.
1151 3527 1238 3608 448);
1266 3529 1363 3590 404040
1386 3545 1531 3590 arearum
1555 3537 1604 3590 est

258 3649 292 3692 0.
311 3629 351 3690 02
374 3647 411 3691 ac
434 3627 566 3693 40040000
588 3640 664 3693 0004
687 3630 726 3692 07
743 3639 776 3695 04
792 3631 844 3712 09,
870 3639 938 3693 0040
960 3648 1105 3718 00000004
1128 3649 1161 3692 0.
1181 3631 1234 3690 94.
1282 3631 1460 3712 Singularis
1485 3631 1603 3692 lormae

258 3741 333 3795 0004
355 3742 418 3794 4040
441 3751 474 3793 0.
493 3733 546 3795 22.
564 3734 616 3796 03.
636 3734 689 3814 39,
715 3753 799 3816 quae
822 3752 899 3796 0000
921 3733 1067 3796 acumina
1090 3732 1225 3813 hahent,
1256 3749 1352 3812 quam
1374 3751 1408 3794 n.
1426 3733 1457 3794 0.
1479 3734 1531 3794 48.
1548 3735 1600 3794 lb.

258 3837 311 3898 83.
332 3833 392 3898 407
413 3833 535 3918 (04444),
560 3855 696 3917 quarum
718 3837 852 3898 alterum
875 3837 958 3898 latus
979 3835 1110 3916 planum
1133 3845 1193 3916 004,
1218 3835 1302 3897 04004
1316 3836 1349 3896 40
1365 3837 1471 3898 Sicula
1487 3838 1604 3898 Graece

258 3939 421 4020 inscripta,
448 3955 544 4019 quam
558 3936 737 4001 Antoninus
753 3940 877 4002 Salinas
899 3938 999 4002 edidit
1015 3941 1048 4001 in
1063 3934 1180 4001 Asculi
1193 3937 1261 4001 44044
1276 3939 1353 4000 4004.
1370 3937 1453 3998 4878
1466 3939 1531 4002 tab.
1547 3941 1569 3999 F
1584 3939 1603 3998 8

259 4050 291 4103 04
306 4062 338 4122 p.
357 4041 410 4120 33,
428 4049 484 4103 aut
506 4039 585 4104 adeo
611 4041 653 4122 (0.
675 4039 747 4124 407)
766 4042 851 4105 40400
866 4051 1050 4123 utrumque.
1065 4043 1244 4104 -Formas
1259 4039 1423 4123 glandium
1440 4042 1605 4122 aptissime

258 4144 456 4206 aveteribus
478 4143 628 4206 confictas
651 4163 720 4207 0000
744 4165 785 4207 ex
807 4146 876 4226 ipsa
899 4163 1005 4208 rerum
1027 4153 1141 4206 004000
1164 4143 1391 4206 demonstravit
1406 4142 1606 4207 Godolredus

259 4249 393 4328 Semper
422 4268 451 4310 a.
479 4247 561 4309 4809
585 4246 696 4310 subtili
719 4249 882 4326 acumine;
915 4247 1083 4312 decadem
1112 4267 1146 4310 00
1169 4267 1274 4329 nuper
1295 4248 1444 4328 exposuit
1464 4247 1606 4310 0000400

259 4351 405 4413 Kerviler
420 4349 663 4432 Semperianum
679 4359 785 4413 tamon
807 4351 951 4413 libellum
967 4351 1117 4432 ignorans
1137 4349 1188 4432 (04.
1207 4351 1240 4412 40
1263 4349 1370 4412 indice
1385 4353 1574 4430 auctorum).

345 4453 470 4516 Pondus
484 4453 537 4516 vel
553 4471 719 4516 mensuras
735 4454 966 4534 permultarum
981 4455 1049 4516 suis
1073 4455 1149 4517 locis
1165 4452 1312 4516 adnotata
1328 4454 1482 4534 reperies.
1519 4453 1607 4514 Piso-

258 4557 373 4620 nianae
393 4555 436 4640 (0.
456 4557 484 4640 4)
511 4556 593 4618 04004
612 4558 803 4620 Graecarum
826 4557 999 4639 pleraeque
1022 4556 1137 4620 0040040
1160 4557 1298 4619 minores
1321 4566 1396 4618 sunt
1419 4556 1607 4618 4040034οι

259 4661 300 4722 40
317 4681 364 4742 gr.
383 4659 572 4742 pendentes.
590 4693 633 4705 -
648 4657 824 4723 4400040000
848 4659 1018 4740 (4044444444,
1044 4679 1126 4741 quac
1142 4679 1159 4722 0
1176 4658 1269 4722 uobis
1291 4677 1372 4722 anno
1391 4657 1473 4719 4877
1496 4669 1606 4721 000400

259 4773 343 4839 0004,
375 4762 518 4844 pendent
541 4761 645 4825 44077
670 4783 719 4844 gr.
750 4762 845 4844 (uude
867 4763 995 4845 pondus
1016 4761 1158 4826 medium
1180 4761 1318 4825 04004400
1342 4763 1393 4842 47,
1406 4783 1433 4824 40
1455 4759 1532 4843 gr.);
1566 4761 1607 4824 iis

259 4875 462 4929 accesserunt
491 4865 573 4928 duae
601 4865 721 4928 moduli
752 4885 860 4931 rarum
891 4869 924 4929 40
948 4867 1075 4930 modurn
1107 4867 1211 4948 magni
1235 4885 1298 4928 000
1323 4867 1382 4926 490
1407 4883 1469 4946 gr.,
1507 4865 1607 4927 altera

261 4969 321 5029 470
338 4988 384 5049 gr.
411 4967 606 5049 pendentes,
638 4978 671 5032 et
692 4970 786 5032 tertia
809 4971 941 5032 minima
964 4970 1005 5032 25
1022 4989 1069 5050 gr.
1095 4969 1239 5051 pendens
1263 4969 1313 5051 (04.
1338 4969 1420 5031 hott.
1439 4967 1507 5030 dell
1526 4970 1603 5031 lust.

260 5071 342 5132 4877
366 5091 399 5153 p.
419 5069 505 5155 470).
531 5107 575 5118 -
598 5073 768 5136 Perusinae
799 5072 930 5154 glandes
958 5069 1082 5135 mediae
1112 5071 1178 5135 4000
1208 5083 1283 5134 0004
1313 5071 1397 5134 40400
1422 5071 1545 5134 Siculas
1574 5081 1608 5133 et

330 5227 354 5290 4)
371 5225 511 5292 Plerisque
524 5229 690 5280 Graecarum
703 5225 789 5279 torma
802 5231 844 5278 est
857 5225 934 5288 40440,
947 5229 979 5278 04
991 5228 1085 5291 000440,
1097 5239 1167 5292 quae
1178 5226 1208 5277 lit
1219 5239 1269 5292 per
1280 5239 1359 5277 axem
1371 5227 1517 5286 minorem,
1531 5224 1609 5276 exhi-

261 5313 323 5364 beat
342 5312 438 5364 000040
450 5313 492 5366 vel
511 5315 555 5364 ovi
574 5313 702 5378 liguram,
725 5316 752 5364 in
771 5315 867 5379 paucis
885 5312 992 5365 rhombi
1011 5317 1058 5364 aut
1070 5313 1195 5378 quadrati
1213 5312 1366 5376 orthogonii
1379 5311 1464 5375 ligura
1478 5311 1606 5366 04004400.
