3466 5926
283 557 331 628 28
765 566 923 618 annuens
941 566 1148 618 ascvmurn

283 779 402 837 quoque
430 763 562 836 peditum
584 763 687 820 decem
711 763 786 818 milia
808 761 937 818 adluisse
959 760 1061 819 scribit
1081 759 1230 832 Appianus
1258 753 1298 834 (b.
1318 777 1345 816 c.
1368 763 1396 829 6,
1418 755 1466 836 62)
1495 759 1641 830 idemque

283 868 321 924 de
342 868 455 924 auxiliis
476 867 642 924 Italicorum
665 865 797 936 Gallicis,
831 864 969 921 mercede
998 863 1149 920 conductis
1176 863 1372 934 Transalpinis
1400 865 1513 934 opinor,
1542 864 1640 934 paulo

283 977 350 1042 post
371 967 462 1026 verba
485 968 552 1024 lacit
577 964 619 1044 (b.
638 985 666 1025 c.
688 973 715 1036 6,
733 962 798 1038 60).
832 969 930 1024 Utrius
952 969 1038 1038 igitur
1059 969 1148 1038 partis
1170 965 1320 1023 Gallorum
1341 965 1397 1022 hae
1419 965 1537 1037 glandes
1562 967 1636 1032 sint,

284 1089 341 1130 non
363 1056 498 1130 constat.'
543 1072 621 1128 llaec
636 1073 832 1128 Mommsenus
854 1071 913 1127 vol.
932 1071 944 1125 l
966 1071 1003 1126 ad
1025 1087 1054 1125 6.
1076 1072 1149 1127 666.

285 1300 326 1366 17
346 1305 399 1384 [=
414 1310 499 1382 Corp.
519 1311 561 1366 IX
583 1326 614 1368 n.
634 1315 728 1380 6066,
747 1304 819 1386 xvir]
864 1314 874 1366 6
904 1312 983 1381 origo
1011 1324 1071 1366 non
1097 1309 1228 1365 traditur.
1255 1339 1298 1348 -
1326 1310 1404 1366 luter
1424 1310 1497 1366 belli
1518 1309 1640 1367 socialis

370 1413 490 1483 glandes
520 1413 638 1471 exhibet
663 1428 761 1471 ururc.
798 1406 838 1488 [in
865 1428 965 1469 museo
993 1411 1181 1484 Neapolitano
1211 1427 1240 1467 n.
1262 1417 1300 1469 56
1321 1433 1363 1459 =
1387 1405 1471 1488 696).
1524 1411 1638 1468 Pendet

375 1518 447 1584 66,6
472 1531 517 1586 gr.

328 1623 344 1676 2
375 1620 457 1689 origo
489 1635 548 1676 non
575 1617 700 1674 traditur
732 1611 812 1694 [olim
841 1616 1004 1689 Santaugeli
1033 1633 1062 1672 n.
1092 1619 1119 1684 6,
1152 1617 1283 1672 nuncin
1312 1632 1415 1673 musco
1445 1617 1637 1688 Neapolitano

368 1738 399 1778 n.
422 1715 527 1796 6622).
576 1721 685 1778 Pendet
709 1724 746 1778 66
770 1738 828 1793 gn,
854 1717 986 1792 robigine
1008 1719 1146 1790 subnigra
1168 1722 1327 1776 incrustata
1350 1726 1406 1775 est.

176 2929 181 2937 .
288 2887 319 2936 l:
347 2877 419 2936 Tab.
438 2879 476 2935 lll
497 2885 526 2935 6.
577 2879 726 2949 Descripsi
755 2882 787 2932 ut
815 2893 904 2948 supra
935 2880 1163 2950 repraesentavi.
1193 2907 1237 2918 -—
1266 2879 1381 2936 Piorelli
1412 2881 1506 2937 Gotol.
1532 2898 1563 2954 p.
1597 2885 1627 2936 tl

327 3000 357 3040 6.
380 2987 455 3039 6966
498 2994 560 3035 'mu
583 2981 719 3036 videlicet
747 2979 784 3034 ad
814 2981 962 3050 exemplar
977 2970 1186 3052 'inscriptionis
1214 2995 1295 3052 ιιΑι-;
1330 2989 1360 3039 66
1384 2999 1420 3040 ea
1442 2985 1548 3042 ficticia
1569 2992 1628 3042 est:

326 3085 393 3142 vide
416 3083 515 3140 ialsam
538 3100 568 3139 6.
588 3078 633 3139 66.
658 3081 853 3138 -Eandem
881 3081 1013 3139 exhiberi
1036 3086 1148 3142 conicio
1170 3102 1187 3140 a
1209 3086 1324 3143 Minicio
1347 3093 1367 3142 t.
1386 3087 1412 3143 ll
1438 3091 1488 3155 66,
1522 3103 1550 3158 p.
1572 3093 1630 3148 202

326 3193 355 3244 66
379 3191 438 3246 262
476 3179 554 3262 (inde
576 3185 684 3242 Bitschl
706 3185 805 3242 t.lllll
824 3190 860 3243 69
891 3192 921 3241 66
948 3187 1109 3243 Mommsen
1138 3187 1195 3244 vol.
1221 3189 1234 3244 1
1256 3206 1285 3244 ιι.
1307 3193 1366 3247 666
1397 3191 1476 3262 ligno
1499 3183 1568 3263 666.)
1602 3193 1630 3246 66

325 3291 400 3348 tab.:
433 3294 527 3358 tago,
562 3291 592 3344 in
614 3303 721 3344 comm.
746 3304 777 3360 p.
798 3292 872 3347 tlt:
900 3280 989 3350 661666
1017 3281 1087 3364 (ean
1115 3291 1269 3363 legendum
1300 3292 1366 3350 tort.
1398 3309 1463 3350 esse
1493 3290 1626 3369 addens).

325 3394 389 3450 Non
420 3399 500 3450 recte
529 3405 591 3448 raa
621 3391 690 3462 legit
718 3391 920 3448 Gamurrinius
948 3393 1026 3449 Ball.
1052 3389 1117 3449 dell'
1134 3396 1203 3451 lost.
1225 3399 1305 3452 6666
1333 3411 1363 3467 p.
1386 3397 1444 3454 689
1475 3413 1531 3455 666
1561 3415 1630 3470 pro-

327 3501 453 3558 babilius
474 3499 587 3571 putavit
608 3498 684 3553 male
707 3497 882 3568 descriptam
905 3511 969 3552 esse
991 3513 1045 3569 pro
1069 3511 1156 3554 onuo
1185 3491 1262 3574 (vide
1277 3505 1405 3556 nostram
1427 3515 1458 3554 n.
1480 3497 1530 3577 32)
1559 3502 1630 3558 Gar-

327 3605 446 3660 ruccius
469 3601 540 3673 Syll.
559 3616 589 3656 n.
611 3603 683 3656 960.
961 3595 963 3602 ⁴

284 3712 319 3762 2:
345 3705 417 3762 Tab.
437 3707 473 3760 lll
494 3708 542 3760 60.
583 3702 731 3772 Descripsi
748 3707 778 3756 ut
799 3716 888 3772 supra
910 3705 1137 3773 repraesentavi.
1164 3731 1207 3742 -
1228 3701 1357 3758 Eandem
1373 3706 1477 3774 opinor
1492 3707 1630 3776 significat

327 3809 503 3865 Garruccius
519 3805 589 3878 Syll.
604 3820 634 3858 n.
651 3807 711 3861 966
735 3805 765 3858 66
787 3819 844 3859 666
861 3820 897 3860 ex
912 3803 1128 3876 Santangelanis
1151 3818 1213 3861 666.
1234 3806 1406 3877 inscriptum
1422 3821 1489 3862 esse
1509 3815 1627 3865 testans.

369 3945 501 4000 Minicius
523 3947 673 4014 praeterea
695 3939 756 3996 tab.
777 3940 800 3994 ll
826 3945 874 4008 69,
901 3957 932 4012 p.
953 3945 1012 3999 202
1041 3936 1116 4015 (inde
1132 3942 1241 3999 liitschl
1264 3948 1285 3998 t.
1304 3943 1365 3998 Vlll
1391 3949 1445 4010 t8;
1473 3945 1629 4002 Mommsen

283 4048 340 4105 vol.
360 4050 417 4103 ln.
438 4051 517 4113 666;
546 4043 685 4100 Garrucci
708 4041 780 4112 Syll.
805 4059 836 4098 n.
854 4037 923 4120 966)
946 4046 1056 4115 origine
1072 4045 1119 4100 vel
1135 4061 1236 4102 museo
1256 4061 1315 4102 non
1336 4054 1495 4104 memorato
1517 4049 1631 4105 exhibet
1657 4043 1658 4046 ’

282 4149 432 4222 glandem:
470 4159 572 4203 6666.
619 4144 676 4200 Sed
706 4143 768 4199 lieri
791 4151 895 4216 potest,
926 4153 958 4203 ut
981 4161 1039 4204 nou
1062 4149 1099 4202 sit
1123 4149 1179 4203 nisi
1201 4147 1400 4219 apographum
1422 4150 1520 4205 minus
1543 4167 1630 4207 accu-

283 4260 377 4308 ratum
399 4249 531 4308 eiusdem
553 4249 639 4305 huius
665 4252 698 4316 6;
733 4253 813 4304 66666
835 4249 865 4303 66
880 4265 986 4305 comm.
1005 4265 1035 4320 p.
1057 4254 1115 4308 262
1140 4255 1257 4321 praeter
1271 4250 1433 4321 lipsianam
1456 4265 1516 4307 can
1538 4255 1629 4310 solum
1709 4299 1710 4304 ,

281 4355 367 4412 huius
389 4354 585 4426 inscriptionis
600 4351 764 4422 exemplum
780 4358 921 4409 memorat
942 4351 1011 4408 illud
1035 4344 1134 4420 661666,
1161 4352 1239 4422 quod
1263 4369 1298 4408 66
1320 4359 1418 4411 nostra
1444 4359 1454 4409 6
1476 4358 1628 4426 repetitum

283 4475 349 4515 csse
372 4473 461 4528 supra
484 4456 606 4513 conieci.

368 4561 525 4632 Utriusque
540 4555 653 4630 glandis
675 4555 824 4627 inscriptio
841 4553 966 4611 diiiicilis
981 4561 1026 4612 est
1047 4556 1196 4626 lectionis,
1223 4557 1275 4614 sed
1299 4557 1374 4616 hanc
1398 4572 1481 4614 6666
1504 4559 1628 4633 diligenti

282 4665 413 4719 examine
439 4667 586 4733 repertam
612 4659 682 4716 satis
712 4663 822 4714 certam
845 4659 988 4716 existimo.
1035 4659 1116 4716 Prior
1139 4673 1153 4714 ι
1176 4661 1268 4732 magis
1291 4662 1454 4718 acuminata
1477 4671 1521 4720 est
1543 4681 1628 4737 quam

281 4766 386 4832 altera;
413 4779 433 4818 Α
456 4780 556 4820 666666
578 4761 662 4819 666666
685 4777 721 4818 ex
743 4761 836 4818 torma
857 4767 935 4818 retro
958 4761 1145 4820 inscribenda
1168 4763 1340 4835 explicando
1364 4765 1479 4821 inversa
1502 4773 1556 4824 est.

368 4869 430 4923 lluc
460 4867 556 4922 rettuli
585 4871 757 4938 propterea,
795 4863 872 4934 quod
908 4863 1134 4935 Saniangelanae
1170 4859 1253 4939 (inter
1286 4883 1361 4938 quas
1389 4875 1433 4924 est
1463 4864 1491 4945 2)
1530 4885 1627 4928 omnes
1709 4879 1710 4882 ’

280 4970 442 5028 Asculacae
471 4970 518 5026 vel
548 4976 628 5026 certe
657 4969 780 5026 Picenae
808 4972 892 5035 sunt,
926 4968 1017 5024 altera
1045 4973 1142 5026 autem
1171 4963 1210 5045 (6)
1251 4969 1320 5028 6666
1350 4971 1495 5028 simillima
1523 4979 1568 5029 est
1597 4989 1628 5029 ac

281 5075 404 5132 tortasse
425 5073 499 5130 adeo
521 5088 558 5128 ex
580 5066 684 5128 eadem
705 5071 796 5127 torma
819 5071 962 5141 provenit.
1004 5073 1066 5128 lluc
1081 5071 1224 5129 accedere
1246 5072 1362 5130 videtur
1383 5075 1461 5145 quod
1485 5077 1624 5147 Minicius,
1709 5055 1710 5058 Ἴ

281 5179 305 5232 66
333 5183 430 5233 tamen
459 5176 508 5232 ille
533 5175 609 5232 hanc
643 5180 653 5230 6
689 5173 795 5243 edidit,
828 5175 904 5229 inter
927 5173 1046 5246 glandes
1077 5174 1145 5231 belli
1173 5177 1288 5232 socialis
1320 5176 1453 5244 exhibet,
1488 5177 1540 5234 sed
1569 5181 1627 5235 lieri

284 5286 388 5352 potest,
414 5284 447 5335 ut
469 5278 499 5334 id
522 5277 624 5335 collata
647 5294 677 5332 6.
700 5281 735 5333 66
761 5278 929 5332 coniecerit.
