3470 5932
715 663 877 718 INDICES.

1283 767 1454 778 *affl-

133 837 350 916 appellationes
373 837 409 894 de
432 856 553 898 munere
575 839 690 898 edendo
712 840 861 918 quomodo
883 840 980 899 laetae
1001 839 1061 898 sint
1078 857 1109 916 p.
1126 840 1186 898 405
1201 857 1240 898 se.

215 923 328 1000 gratiae
350 922 560 999 appellationis
579 943 611 1001 p.
627 924 686 982 407

132 1025 226 1084 aquae
250 1006 431 1066 Claudianae
453 1005 685 1067 Lamasbitanae
708 1009 909 1068 descensionis
936 1019 965 1066 et
991 1007 1177 1066 ascensionis
1200 1006 1390 1076 vicissitudo,
1418 1015 1461 1064 ts·

257 1091 325 1149 bula
347 1091 563 1150 distributionis
583 1091 744 1168 1125711.

132 1194 218 1234 arcae
241 1195 278 1233 ex
301 1176 395 1234 urceis
417 1175 513 1233 factae
532 1196 563 1252 p.
580 1175 639 1235 213
657 1195 695 1235 aa.

131 1260 345 1318 Asiarcharum
369 1278 490 1318 munera
508 1279 538 1335 p.
556 1259 615 1319 403
638 1261 701 1319 119

131 1344 302 1404 assilorana
323 1347 342 1401 i.
358 1363 379 1401 e.
396 1345 589 1419 quaestuaria
610 1363 733 1402 munera
751 1365 782 1420 p.
800 1345 870 1414 399,
894 1349 929 1420 cf.
949 1365 981 1420 p.
998 1346 1057 1403 415

130 1429 165 1486 de
189 1428 333 1486 auctorati
357 1427 436 1504 apud
460 1429 607 1486 tribunum
630 1429 709 1504 plebi
731 1429 917 1506 professione
938 1448 968 1504 p.
986 1430 1045 1486 410
1061 1449 1083 1488 a.

212 1519 467 1570 auctoramentum
489 1512 699 1588 gladiatorium
722 1513 789 1590 lege
811 1514 923 1571 finitum
944 1533 975 1588 p.
992 1514 1048 1570 411

130 1597 259 1674 Augusti
283 1597 432 1654 fossarum
454 1595 640 1654 Niliacarum
663 1617 734 1656 cura
751 1617 782 1672 p.
800 1597 860 1656 450

131 1681 208 1739 inter
239 1680 352 1738 auxilia
384 1680 465 1738 cives
498 1679 652 1738 Romanos
686 1681 752 1740 inde
784 1701 802 1738 a
835 1681 931 1740 medio
964 1680 1082 1738 saeculo
1115 1681 1143 1738 ll
1177 1700 1204 1756 p.
1228 1678 1262 1738 C.
1291 1689 1461 1740 meruerunt

251 1783 282 1840 p.
299 1763 358 1822 463
376 1783 398 1822 s.

215 1848 363 1908 auxiliarii
387 1848 483 1906 solum
507 1849 651 1907 ethnicum
676 1849 838 1907 adsumunt
855 1869 888 1924 p.
904 1849 974 1918 463,
998 1849 1033 1905 de
1056 1849 1248 1925 Aegyptiacis
1272 1867 1296 1907 v.
1314 1850 1349 1906 tt.
1372 1851 1430 1906 cal

130 1933 276 1990 breviculi
299 1933 443 1990 militares
467 1931 669 2007 (matriculae)
692 1935 762 2008 quid
786 1934 993 2002 continuerint,
1016 1930 1051 1989 C.
1068 1933 1140 1990 lust.
1161 1953 1191 2007 p.
1209 1931 1269 1990 460

132 2016 339 2093 castigationis
363 2017 487 2073 utilitum
505 2016 705 2075 Romanorum
730 2018 886 2076 diversitas
909 2037 946 2075 ex
970 2017 1184 2075 consuetudine
1203 2017 1395 2076 Macedonica
1416 2038 1462 2076 rc·

258 2101 385 2177 peteuda
404 2119 434 2175 p.
451 2100 521 2169 465,
543 2101 640 2158 simile
663 2102 821 2160 discrimen
845 2101 974 2160 obtinuit
996 2101 1203 2158 Alexandreae
1225 2102 1263 2157 ih.
1286 2103 1347 2158 n.3

132 2185 248 2243 civilem
271 2185 473 2242 condicionem
498 2185 648 2244 hominum
671 2205 708 2242 cx
724 2187 894 2243 nominibus
918 2185 1049 2262 intellegi
1065 2185 1205 2242 volebant
1219 2185 1358 2254 Romani,
1381 2185 1462 2244 nole-

258 2269 329 2326 bant
352 2268 483 2344 (prueter
505 2270 658 2342 servilem)
683 2267 790 2328 Graeci
810 2291 840 2345 p.
858 2270 919 2328 454
935 2288 974 2326 se.

131 2353 304 2412 civitatibus
327 2351 498 2410 fortioribus
521 2354 655 2410 aMareo
678 2353 813 2412 diversus
835 2371 988 2410 munerum
1006 2353 1079 2410 ordo
1099 2353 1288 2411 constituitur
1310 2373 1344 2410 ac
1366 2353 1462 2412 minus

257 2436 460 2512 frequentibus
481 2457 510 2512 p.
527 2439 587 2496 415

131 2521 237 2580 civitas
252 2521 391 2580 Romana
412 2539 482 2577 num
504 2540 557 2597 per
573 2521 745 2579 servitutem
769 2521 950 2578 fiduciariam
974 2539 992 2576 a
1015 2521 1172 2596 peregrino
1192 2521 1308 2596 adquiri
1331 2523 1463 2597 potuerit

253 2624 285 2681 p.
302 2605 362 2663 453
384 2606 444 2662 113

131 2690 239 2748 civium
261 2689 465 2746 Romanorum
488 2688 518 2745 in
541 2688 712 2746 civitatibus
735 2689 809 2746 iuris
837 2687 984 2764 peregrini
1012 2687 1077 2744 iura
1103 2695 1132 2744 et
1154 2689 1323 2746 communio
1343 2707 1373 2763 p.
1391 2689 1460 2760 441,

255 2783 447 2849 opponuntur
473 2773 578 2830 ceteris
605 2772 711 2830 incolis
740 2773 775 2830 tt.
797 2793 824 2832 a.
843 2772 875 2840 2,
906 2793 958 2829 cur
984 2771 1126 2849 praelecti
1155 2772 1258 2830 harum
1285 2773 1462 2830 universita-

257 2865 317 2914 tum
341 2857 501 2914 admodum
524 2875 590 2913 raro
612 2857 799 2915 nominentur
816 2877 849 2933 p.
865 2856 924 2915 442

215 2951 366 3000 curatores
398 2940 428 2996 in
461 2940 549 2997 titulo
577 2941 732 3015 Apamena
765 2929 906 3020 ἄρξαντες
940 2941 1131 2998 nominantur
1158 2961 1190 3016 p.
1214 2941 1289 3010 443,
1331 2931 1461 3015 ἐπιξκιιῖῳ

257 3024 417 3100 quotannis
432 3033 537 3082 exacto
554 3027 705 3099 Apameae
729 3025 891 3083 tolerantur
913 3025 961 3096 ila,
985 3034 1090 3100 postea
1105 3023 1223 3084 decreto
1237 3029 1461 3100 Apamenorum

257 3108 401 3166 tolluntur
425 3126 455 3182 p.
473 3109 547 3178 4403
576 3117 728 3168 curatores
755 3110 784 3166 in
813 3107 976 3166 Occidente
1003 3109 1169 3180 constituti,
1200 3127 1299 3167 eorum
1328 3127 1461 3167 summus

257 3192 303 3251 vel
327 3193 440 3268 primus
459 3211 489 3268 p.
507 3191 565 3249 443

133 3273 253 3335 Claudii
275 3277 372 3334 oratio
395 3275 605 3352 Lugdunensis
627 3293 698 3353 pars
720 3277 837 3336 uidetur
859 3293 927 3334 esse
949 3285 1069 3334 senatus
1092 3276 1200 3334 decreti
1220 3295 1251 3350 p.
1269 3275 1329 3334 394

132 3379 295 3439 cognomen
318 3360 449 3418 libertini
471 3362 500 3417 in
523 3360 632 3435 lapidis
654 3361 794 3436 bilinguis
808 3361 934 3419 Euboici
957 3361 1043 3418 titulo
1058 3357 1168 3418 Latino
1190 3361 1334 3418 omissum
1353 3379 1385 3434 p.
1402 3361 1460 3418 451

256 3463 284 3502 n.
303 3446 329 3516 1,
352 3445 557 3522 graecanicum
581 3445 618 3502 ad
641 3445 861 3503 libertinitatem
884 3445 1070 3503 referendum
1090 3465 1120 3520 p.
1138 3445 1209 3517 451,
1232 3446 1268 3518 cs.
1289 3463 1320 3520 p.
1336 3445 1396 3502 454

131 3529 240 3588 cohors
264 3529 451 3604 Aegyptiace
473 3529 584 3586 incerta
607 3529 688 3603 (pap.
708 3529 739 3586 II
763 3529 817 3602 25)
837 3549 868 3604 p.
885 3529 944 3586 457

215 3613 346 3670 cohortis
370 3611 518 3687 equitatae
541 3613 712 3672 decuriones
735 3623 808 3688 quot
829 3613 940 3670 fuerint
959 3631 990 3688 p.
1007 3610 1106 3670 4621.

215 3695 355 3755 cohorsI
379 3695 487 3753 Flavia
509 3694 637 3754 Cilicum
660 3697 792 3773 equitata
811 3716 842 3772 p.
858 3697 917 3755 457

215 3781 251 3838 de
273 3780 404 3838 cohortis
428 3780 441 3836 l
463 3779 673 3838 Lusitanorum
697 3783 845 3856 equitatus
868 3779 996 3838 statione
1018 3798 1049 3854 p.
1066 3779 1136 3849 457,
1165 3779 1306 3854 praefecti
1332 3781 1383 3856 qui
1411 3801 1462 3838 no·

257 3865 404 3921 minentur
430 3864 460 3920 in
484 3865 626 3922 laterculo
649 3883 726 3922 novo
752 3885 783 3940 p.
801 3865 876 3935 461,
905 3875 977 3938 quot
1004 3864 1138 3922 homines
1160 3866 1281 3922 omnino
1304 3863 1463 3938 114621,

257 3947 472 4024 supplementis
494 3951 632 4006 utebatur
654 3949 726 4008 solis
750 3949 955 4025 indigenarum
976 3967 1006 4022 p.
1024 3947 1094 4017 463,
1120 3959 1192 4022 quot
1214 3957 1243 4004 et
1265 3949 1343 4007 unde
1365 3967 1463 4006 acces-

258 4033 352 4090 serint
373 4031 484 4089 milites
506 4051 559 4109 per
580 4033 711 4109 quinque
733 4051 851 4091 menses
875 4033 986 4106 primos
1009 4051 1035 4088 a.
1056 4031 1112 4088 156
1135 4051 1167 4107 p.
1184 4032 1254 4102 464,
1285 4033 1464 4092 dromedarii

257 4116 362 4174 turmis
385 4115 448 4174 eius
471 4116 574 4175 inserti
597 4136 625 4191 p.
642 4117 701 4175 463

132 4196 348 4258 Constantinus
375 4219 393 4256 a
414 4217 516 4258 mense
538 4201 616 4257 Iulio
640 4201 699 4257 312
728 4219 823 4274 usque
850 4199 888 4256 ad
916 4218 942 4256 a.
961 4199 1020 4257 315
1050 4199 1157 4274 agebat
1184 4200 1356 4274 septimum,
1384 4207 1463 4258 octa·

257 4303 337 4354 vum,
360 4303 469 4342 nonum
493 4285 608 4359 imperii
632 4303 742 4342 annum
763 4304 792 4359 p.
810 4283 868 4341 431

132 4365 327 4426 Constantius
354 4369 560 4442 prioratus
588 4381 652 4426 erat
677 4369 748 4443 imp.
765 4367 793 4425 ll
811 4387 842 4443 p.
859 4368 935 4439 431,
962 4367 1110 4425 secundus
1133 4369 1203 4444 imp.
1219 4367 1331 4426 XXXI
1354 4387 1372 4426 a
1394 4369 1422 4426 d.
1445 4369 1463 4428 8

257 4451 335 4509 Nov.
359 4471 384 4510 a.
403 4451 463 4510 354
482 4471 513 4527 p.
531 4452 592 4510 430
608 4471 630 4510 s.

131 4535 304 4593 constitutio
327 4537 491 4612 argumenti
515 4537 619 4593 incerti
643 4535 744 4594 tato

216 4620 460 4677 constitutionum
484 4621 521 4677 ad
544 4621 737 4696 magistratus
758 4618 936 4676 directarum
959 4617 1054 4676 forma
1077 4620 1250 4694 epistularis
1272 4631 1317 4678 est
1335 4641 1365 4696 p.
1384 4619 1443 4678 420

216 4703 445 4761 constitutiones
467 4703 522 4761 sub
545 4713 765 4781 programmate
791 4704 996 4779 promulgatae
1019 4713 1048 4760 et
1070 4704 1216 4762 antelatae
1239 4705 1336 4762 edicto
1356 4725 1386 4779 p.
1404 4703 1462 4761 421

258 4806 318 4844 cum
340 4791 413 4846 notia
437 4785 454 4842 2
479 4797 505 4845 et
525 4787 542 4843 3

135 4869 215 4928 Cous
238 4871 342 4929 titulus
367 4871 478 4943 (Paton
501 4869 597 4929 Hiclts
620 4889 648 4928 n.
666 4870 740 4945 344)
763 4879 919 4928 enarratur
939 4891 968 4946 p.
985 4872 1043 4928 441
1067 4870 1130 4929 n.3

134 4955 323 5012 decurionum
348 4955 474 5012 decretis
498 4973 574 5031 opus
597 4956 711 5012 eratin
734 4955 813 5012 ludis
836 4955 1065 5029 municipalibus
1088 4954 1211 5012 edendis
1229 4975 1261 5030 p.
1279 4955 1337 5013 309
1354 4975 1376 5012 s.

134 5039 284 5178 delatorep
305 5035 501 5180 8Constantini
527 5048 557 5095 et
582 5047 805 5098 antecessorum
834 5039 1036 5098 sanctionibus
1067 5040 1104 5097 ab
1132 5039 1298 5097 accusando
1328 5049 1465 5098 arcentur

215 5141 246 5197 p.
286 5123 299 5179 1
338 5141 362 5180 a.

133 5206 205 5282 Dig.
221 5206 271 5276 40,
290 5205 337 5277 16,
353 5205 381 5276 4,
400 5208 416 5264 3
440 5205 600 5282 corrigitur
618 5225 649 5282 p.
668 5206 730 5264 464
752 5206 815 5264 112

135 5289 340 5349 Diocletianus
363 5299 393 5346 et
407 5290 607 5348 Maximianus
629 5309 656 5348 a.
674 5291 729 5349 301
755 5291 956 5366 cognomentis
979 5292 1040 5348 suis
1063 5299 1092 5348 et
1110 5291 1253 5350 vocabulo
1275 5291 1464 5368 imperatoris

259 5389 398 5433 numeros
420 5373 481 5432 lere
503 5383 698 5450 congruentes
720 5373 940 5452 adscripserunt
957 5395 989 5451 p.
1007 5375 1067 5433 434
1083 5393 1105 5432 s.
