3402 5924
931 2012 976 2080 V.

644 2167 909 2258 GLANDES
946 2166 1265 2257 PERVSINAE

765 2325 801 2406 la.
820 2345 853 2388 u.
872 2345 900 2388 o.
919 2325 981 2386 743
1006 2335 1038 2386 et
1060 2324 1149 2402 744).

277 2459 448 2626 Perusia,
468 2555 607 2628 oppidum
620 2561 720 2611 natura
737 2555 867 2612 locorum
879 2559 908 2610 et
923 2570 1010 2610 manu
1021 2557 1175 2622 munitum,
1195 2569 1261 2611 cum
1277 2569 1353 2611 anno
1367 2558 1427 2611 743
1441 2555 1473 2611 L.
1487 2555 1635 2613 Antonius

278 2675 340 2717 cos.
366 2673 432 2716 oum
463 2659 561 2716 Fulvia
590 2657 629 2713 ll.
656 2657 752 2713 fratris
779 2673 871 2714 uxore
899 2673 934 2716 eo
963 2673 996 2714 se
1026 2661 1200 2729 recepisset,
1234 2659 1360 2729 primum
1389 2657 1426 2714 ab
1450 2657 1582 2731 Agrippa
1606 2667 1636 2716 et

277 2762 441 2818 Salvidieno
464 2763 536 2818 liuio
571 2754 632 2834 (qui
654 2761 819 2832 Hispaniam
849 2765 953 2833 petens
980 2777 1048 2817 cum
1071 2777 1122 2817 sex
1148 2759 1311 2833 legionibus
1333 2760 1370 2817 ab
1394 2759 1556 2820 Octauiano
1581 2781 1633 2820 re·

276 2871 398 2923 vocatus
421 2857 507 2940 erat),
556 2863 662 2920 deinde
684 2863 721 2920 ab
753 2865 815 2936 ipso
838 2879 956 2935 quoque
979 2865 1102 2921 Caesare
1125 2863 1281 2922 obsessum
1303 2871 1356 2921 est.
1401 2865 1516 2922 Deditio
1546 2866 1635 2922 lamis

275 2971 449 3026 necessitate
472 2968 545 3023 iacta
563 2974 607 3024 est
629 2969 696 3023 anni
714 2969 774 3024 744
798 2969 952 3039 principio,
979 2967 1076 3039 paullo
1091 2973 1157 3024 ante
1173 2967 1238 3025 idus
1252 2969 1368 3025 llartias
1389 2963 1523 3042 (Appian.
1539 2973 1573 3037 5,
1593 2973 1631 3027 48

276 3079 305 3128 et
326 3070 446 3129 Sueten.
466 3068 540 3142 bug.
564 3063 626 3145 45),
658 3069 755 3125 hieme
785 3070 914 3128 nondum
941 3070 1018 3127 linita
1052 3065 1136 3144 (App.
1165 3075 1193 3136 5,
1216 3066 1281 3146 47).
1328 3072 1360 3127 ln
1389 3071 1445 3128 hac
1474 3071 1633 3130 obsidione

276 3173 420 3232 adhibitas
449 3189 514 3229 esse
543 3173 663 3245 glandes
691 3173 800 3229 diserte
829 3181 859 3230 et
880 3172 1030 3244 Appianas
1058 3173 1145 3230 tradit
1168 3178 1196 3243 5,
1218 3178 1256 3230 36
1286 3167 1449 3248 (Antoniani
1477 3161 1632 3251 ἠμύνοντο

274 3271 372 3343 λίθοις
403 3268 454 3334 καὶ
482 3263 645 3354 τοξεύμασι
666 3267 719 3333 καὶ
750 3269 963 3355 μολυβδίναις,
998 3279 1037 3334 ci.
1064 3282 1092 3347 5,
1115 3281 1172 3334 33:
1204 3264 1349 3354 olpdvovro
1380 3268 1432 3354 μὲν
1461 3265 1633 3354 ἀμεινόνων

270 3366 369 3438 ὄντων
402 3375 461 3438 τῶν
492 3370 648 3458 Καίσαρος
682 3373 908 3456 συμπλέκεσθαι
941 3371 975 3437 δὲ
1007 3365 1063 3436 τῶν
1091 3373 1220 3437 Λευκίου
1254 3369 1446 3459 μονομάχων)
1486 3387 1513 3436 et
1550 3381 1634 3438 clare

273 3490 415 3540 testantur
430 3483 549 3555 glandes
572 3483 663 3554 ipsae,
683 3498 758 3553 quoe
780 3485 810 3538 in
832 3484 882 3541 illo
897 3485 1043 3540 territorio
1066 3485 1189 3554 reperiri
1211 3483 1317 3539 solent.
1364 3485 1524 3540 Memorant
1549 3487 1632 3540 enim

273 3589 377 3645 Divom
399 3587 503 3643 lulium
528 3589 578 3643 77.
605 3589 655 3652 78,
682 3585 720 3639 ll.
745 3584 901 3641 Antonium
926 3591 976 3643 tt.
998 3582 1068 3656 sai,
1101 3587 1132 3642 L.
1158 3586 1313 3644 Antonium
1334 3571 1472 3644 ‘calvum'
1495 3590 1544 3644 et.
1575 3592 1628 3656 55,

274 3690 402 3747 Fulviam
428 3691 487 3748 544
512 3687 572 3746 554
596 3692 647 3744 56.
675 3691 730 3756 tt,
757 3689 789 3744 G.
815 3688 968 3745 Gaesarem
993 3693 1030 3748 54
1055 3717 1098 3730 -
1121 3690 1274 3746 Caesarem
1299 3693 1337 3747 53
1367 3683 1462 3766 (imp.)
1491 3693 1542 3747 55.
1575 3695 1627 3758 57,

273 3793 425 3850 Octavium
450 3797 501 3849 64.
529 3795 586 3858 64,
621 3784 852 3868 Octaviainumi)
882 3796 933 3850 58.
965 3821 1009 3832 -
1043 3787 1086 3862 [Q.
1104 3785 1309 3868 Salvidienum)
1343 3793 1447 3849 liuium
1478 3794 1550 3863 imp.
1573 3797 1626 3850 58.

273 3897 316 3952 ld
340 3898 446 3952 lamem
461 3893 648 3951 obsessorum
671 3895 796 3966 pertinet
813 3898 863 3952 84.
908 3895 1064 3966 Plerasque
1086 3912 1152 3952 esse
1168 3896 1405 3952 Caesarianorum
1428 3895 1501 3951 inira
1523 3902 1630 3952 osten·

272 4001 371 4067 detur;
400 3999 487 4069 idque
511 3997 646 4054 convenit
673 3990 757 4072 [sicut
778 3999 973 4056 blommsenus
996 4000 1081 4071 Corp.
1100 4001 1112 4054 l
1134 4017 1164 4072 p.
1187 4003 1244 4056 494
1270 3993 1390 4073 monuit)
1417 4015 1485 4056 cum
1500 3998 1629 4070 Appiani

273 4102 440 4158 testimonio
464 4107 745 4171 supramemorato.

358 4203 469 4274 Quibus
497 4204 635 4259 territorii
670 4203 800 4260 Perusini
835 4205 906 4261 locis
928 4209 1064 4263 iuventae
1093 4206 1168 4274 sint,
1207 4220 1265 4261 non
1295 4211 1397 4261 notum
1428 4213 1473 4261 est
1502 4205 1558 4260 nisi
1591 4206 1628 4262 de

273 4313 310 4366 85
330 4321 395 4364 nn.
431 4310 469 4363 87
488 4320 555 4376 na,
590 4305 640 4362 ubi
674 4310 736 4363 eius
765 4309 808 4364 rei
836 4310 976 4365 memoria
1007 4307 1119 4363 comitis
1146 4305 1346 4364 Rossi-Scotti
1375 4309 1479 4364 merito
1509 4315 1628 4364 servata

272 4417 326 4467 est.
374 4409 482 4466 Omnes
504 4413 612 4477 autem,
643 4423 715 4479 quas
738 4410 811 4466 inira
835 4411 970 4476 exhibui,
1004 4411 1158 4468 Perusinas
1181 4425 1257 4478 esse,
1285 4413 1371 4467 etiam
1394 4425 1520 4482 quarum
1542 4414 1628 4482 origo
1696 4393 1697 4400 ἵ

271 4528 330 4570 non
353 4513 460 4568 diserte
484 4511 609 4568 indicata
632 4517 685 4584 est,
711 4513 758 4569 vel
781 4529 889 4585 perse
919 4519 1040 4585 apparet
1063 4513 1108 4568 vel
1132 4513 1248 4569 aliunde
1276 4511 1467 4588 probabiliter
1489 4514 1628 4570 concludi

272 4622 382 4687 potest;
416 4631 462 4670 ex.
488 4631 531 4686 gr.
559 4615 678 4686 glandes
702 4615 908 4672 Gunrdabassii
936 4609 1071 4690 (exclusis
1100 4615 1177 4672 lnlsis
1199 4615 1378 4687 quibusdam
1400 4615 1556 4672 Asculanis
1580 4621 1628 4672 in-

274 4720 361 4788 ousis)
394 4718 462 4774 binc
486 4723 686 4790 provenerunt
708 4733 826 4786 omnes,
860 4720 989 4791 itemque
1019 4725 1140 4791 excepta
1161 4717 1305 4775 Asculano
1328 4735 1385 4776 una
1414 4711 1480 4794 (rm)
1508 4735 1624 4786 omnes,
1695 4749 1696 4766 r

273 4837 348 4893 quae
372 4821 400 4876 in
423 4836 525 4877 museo
548 4821 687 4878 Perusino
710 4820 829 4892 publico
852 4829 1057 4890 asservantur3
1092 4837 1191 4878 comes
1213 4828 1310 4879 autem
1333 4820 1540 4890 Rossi-Scotti‚
1576 4826 1628 4893 qui

272 4931 301 4980 et
324 4922 483 4980 Asculanos
514 4930 542 4980 et
564 4925 716 4982 Pemsinas
743 4923 873 4994 possidet
907 4917 1019 4999 (earum
1048 4924 1204 4982 nonnullas
1227 4940 1263 4980 ex
1285 4925 1392 4982 llinicii
1415 4941 1517 4982 museo
1540 4921 1621 5000 emit]

267 5023 378 5098 ubique
401 5027 543 5099 originem
568 5027 724 5084 adnotavit.

355 5129 516 5202 Pleraeque
544 5128 620 5184 bene
653 5129 835 5185 acuminatne
874 5135 941 5186 sunt
970 5131 1117 5200 utrimque
1152 5130 1294 5200 binasque
1326 5131 1471 5201 margines
1499 5129 1622 5200 habent,
1694 5115 1695 5137 ¹

271 5232 426 5291 nonnullae
450 5233 570 5290 Graecis
599 5231 754 5288 similiores
785 5231 964 5302 marginibus
994 5239 1094 5288 carent
1117 5234 1205 5288 etita
1228 5231 1401 5289 rotundatas
1424 5239 1508 5302 sunt,
1544 5234 1624 5290 utsi

268 5351 322 5406 per
353 5336 535 5392 latitudinem
565 5333 676 5390 medias
706 5349 802 5402 seces,
838 5333 919 5392 orbis
949 5334 1009 5390 iere
1039 5335 1129 5406 ligura
1153 5335 1268 5392 evadat.
1299 5363 1343 5375 -
1374 5333 1493 5403 Aliquot
1523 5349 1624 5392 earum
1693 5389 1694 5392 ,
