3466 5926
277 549 300 620 4
781 563 941 614 sumnus
961 562 1117 615 exornas.

275 747 360 832 2[=
372 757 459 830 Corp.
473 759 501 814 X
515 775 545 815 n.
563 753 657 836 8063]
686 764 766 817 4-6
782 759 903 831 glandes
918 775 968 816 sex
991 752 1099 834 [Cetald
1114 758 1192 832 apud
1206 758 1389 818 baronissam
1404 753 1632 832 liandralisca].

496 923 730 1141 rogia
793 990 838 1020 ·
923 879 1144 1127 &logi

276 1170 423 1239 Descripsi
446 1173 569 1228 anticam
585 1171 709 1228 duarum
724 1177 754 1228 et
775 1173 915 1242 posticam
929 1171 1017 1228 unius
1031 1170 1067 1226 ad
1092 1177 1195 1244 ectypa
1210 1171 1248 1229 ab
1263 1171 1359 1228 Salina
1380 1175 1467 1228 missa
1484 1179 1514 1228 et
1536 1189 1636 1244 supra

276 1288 353 1344 quae
368 1274 486 1346 agnosci
499 1280 667 1346 potuerunt,
694 1274 835 1330 delineata
852 1273 970 1330 exhibui
990 1268 1029 1349 (in
1044 1274 1139 1331 antica
1154 1274 1272 1330 alterius
1287 1274 1460 1348 exemplaris
1479 1289 1499 1332 o
1523 1291 1635 1332 manca

275 1369 344 1451 est).
392 1377 599 1446 Mommsenus,
627 1379 678 1450 qui
699 1377 781 1446 vidit,
808 1376 898 1434 edidit
919 1377 1006 1448 Corp.
1025 1376 1053 1431 x
1075 1392 1104 1433 n.
1127 1381 1208 1436 8063
1226 1393 1250 1435 s.

361 1469 507 1556 Mcpfirus)
529 1472 720 1558 impsprotor).
745 1509 789 1520 -
808 1464 913 1537 ‘Fusae
935 1487 1002 1538 sunt
1024 1480 1144 1552 glandes
1166 1481 1221 1538 hae
1243 1483 1306 1538 sine
1329 1480 1418 1540 dubio
1441 1479 1513 1538 belli
1536 1499 1633 1540 causa

275 1579 353 1653 quod
370 1583 459 1653 gessit
474 1583 504 1637 in
519 1581 614 1638 Sicilia
629 1582 696 1639 Sex.
711 1583 865 1656 Pompeius
879 1585 999 1654 llagnus
1013 1569 1195 1656 imperator.'
1234 1585 1430 1642 liommsenus
1444 1585 1464 1639 l.
1480 1601 1523 1654 c.,
1549 1601 1632 1642 con-

275 1683 372 1741 terens
385 1685 508 1742 similem
525 1685 622 1742 fratris
637 1685 731 1743 lusam
747 1703 801 1759 per
811 1685 921 1744 bellum
933 1687 1129 1759 Hispanicum,
1145 1666 1420 1760 quam'exhibemus
1434 1687 1508 1743 inira
1523 1703 1553 1743 n.
1574 1691 1629 1745 l9.

361 1941 523 2012 Sequentes
539 1942 701 2001 Sicularum
723 1945 869 2015 glandium
892 1945 1111 2014 inscriptiones,
1137 1945 1255 2001 mutilae
1278 1943 1323 2000 vel
1346 1947 1442 2002 minus
1466 1952 1545 2002 recte
1570 1949 1631 2004 de-

271 2047 407 2115 scriptae,
433 2061 503 2103 num
525 2045 642 2104 Latinae
670 2050 737 2116 sint,
765 2047 892 2105 discomi
913 2049 1026 2120 nequit:

273 2195 301 2244 a
322 2189 436 2254 reperta
464 2201 516 2241 coa
546 2185 621 2242 altre
649 2184 770 2242 molibdr'
798 2202 812 2242 e
839 2188 1065 2242 numerosissime
1094 2186 1204 2260 cuspidi
1230 2187 1261 2242 di
1282 2186 1387 2260 [roomo
1413 2187 1445 2242 di
1473 2203 1554 2244 rome
1578 2197 1627 2244 tro

365 2286 489 2358 Neapoli
511 2303 525 2342 e
550 2287 632 2344 Ticcc
658 2283 698 2362 [in
720 2303 822 2344 museo
844 2283 1036 2362 Syracusano]
1063 2301 1095 2343 nr
1119 2301 1250 2346 roxem.

271 2883 313 2939 Ex
342 2884 536 2942 delineatione
559 2884 717 2942 Salvatoris
745 2885 827 2943 Politi
856 2887 1068 2943 communicata
1097 2898 1164 2940 cum
1186 2883 1364 2940 llommseno
1393 2881 1430 2938 ab
1458 2884 1494 2938 lii
1516 2883 1623 2955 Torgia

274 2989 311 3042 tl
336 2985 400 3044 Oct.
423 2991 516 3046 1877.

273 3120 296 3184 b
320 3141 355 3181 ex
379 3125 483 3182 eodem
505 3125 571 3183 loco
593 3124 677 3179 allata
705 3129 715 3180 l
744 3123 817 3181 Nor.
840 3127 921 3181 ltili
596 3118 1296 3601 ,[88]
1012 3136 1112 3179 museo
1136 3115 1331 3198 Syracusano]
1358 3137 1389 3178 nr
1412 3137 1547 3181 ronorx.

267 3657 307 3710 Ex
322 3656 525 3716 delineatione.
570 3661 652 3720 Politi
669 3663 879 3720 communicata
895 3677 962 3720 cum
976 3663 1155 3720 llommseno
1170 3663 1208 3721 ab
1223 3663 1258 3720 Di
1274 3663 1377 3734 Torgia
1395 3668 1410 3720 3
1427 3663 1500 3720 Nou
1519 3665 1580 3720 887
1586 3667 1617 3721 7

267 3803 288 3852 c
316 3796 363 3850 ua’
387 3796 465 3852 ultro
485 3797 640 3874 (gitanda)
662 3797 789 3870 plicae(
775 3797 822 3866 (ol
842 3801 896 3872 sig.
916 3793 1044 3876 Petroso)
1029 3793 1102 3876 Ην
1125 3809 1267 3871 enecata,
1293 3801 1342 3858 cde
1364 3801 1403 3858 ltu
1424 3800 1546 3856 allevato
1569 3803 1619 3856 vi-

317 3901 379 3955 cino
402 3917 461 3955 uno
479 3907 573 3974 ponta
596 3901 618 3957 il
641 3917 757 3957 numero
779 3902 906 3958 Iiomono
928 3903 960 3957 11
979 3915 1087 3959 atessr.

931 4051 949 4092 ΙΙ

264 4169 356 4226 lilessi
387 4171 488 4228 lettera
518 4173 597 4230 1846
627 4189 658 4244 p.
686 4178 723 4231 33
763 4167 838 4249 (inde
864 4175 1025 4233 Mommsen
1055 4175 1178 4248 Corpl
1208 4176 1245 4232 ad
1273 4193 1302 4232 n.
1329 4179 1388 4234 tls
1419 4183 1448 4232 et
1476 4176 1562 4246 Corp.
1586 4177 1615 4232 X

262 4289 292 4330 rr.
313 4278 393 4331 8063
406 4287 419 4331 t
431 4291 458 4344 c,
486 4275 538 4332 ubi
553 4277 584 4331 in
599 4281 682 4346 parte
699 4279 848 4348 superiore
869 4291 945 4348 quae
960 4278 1116 4349 adnotavit,
1143 4278 1180 4334 ad
1196 4279 1309 4350 glandis
1325 4296 1355 4334 n.
1377 4283 1457 4337 8663
1472 4275 1514 4336 ab
1536 4278 1614 4334 alte-

263 4391 328 4432 rum
345 4378 494 4448 exemplar
508 4379 654 4450 pertinent
677 4395 729 4450 pro
745 4380 838 4451 iisque
854 4379 1058 4437 substituenda
1080 4388 1147 4437 sunt
1163 4397 1207 4454 ea,
1234 4399 1310 4455 quae
1326 4397 1380 4453 ego
1396 4397 1484 4452 supra
1499 4375 1611 4457 posui).

349 4515 452 4571 Alassii
474 4513 565 4572 verba
588 4515 626 4571 ita
649 4515 856 4588 interpretatus
879 4525 922 4574 est
942 4519 1149 4588 Mommsenus,
1177 4525 1207 4575 ut
1230 4519 1259 4576 irr
1281 4519 1370 4576 altera
1394 4517 1506 4590 glandis
1529 4523 1613 4587 parte

263 4616 431 4687 cuspidem,
464 4620 494 4673 in
517 4617 606 4674 altera
629 4618 654 4673 ll
677 4621 818 4676 exstitisse
841 4626 994 4690 statueret,
1025 4621 1136 4678 addens
1159 4621 1244 4694 Corp.
1262 4623 1290 4678 X
1312 4623 1333 4678 l.
1352 4637 1393 4678 c.:
1436 4607 1614 4678 ‘siluerunt

260 4718 391 4788 litterae,
424 4719 540 4776 ridetur·
566 4721 722 4790 significari
751 4724 785 4778 L.
808 4710 917 4802 Pfisff.
964 4725 1038 4782 Fieri
1068 4731 1164 4780 tamen
1192 4731 1305 4796 potest,
1337 4731 1370 4781 ut
1398 4721 1525 4781 Messius
1553 4725 1611 4782 hoc

260 4823 358 4892 potius
380 4821 604 4894 significaverit,
640 4840 731 4898 prope
758 4819 859 4901 (metuo
881 4844 940 4882 aaa
962 4843 1015 4898 pro
1037 4829 1130 4884 viciao
1154 4828 1192 4884 cd
1213 4821 1283 4905 aaa)
1309 4843 1400 4884 unum
1428 4843 1465 4884 ex
1494 4827 1612 4884 duobus

261 4923 375 4994 glandis
399 4926 490 4996 ipsius
505 4927 615 4984 aculeis
638 4927 728 4983 luisse
750 4927 839 4984 lineas
861 4928 934 4984 duas
956 4930 992 4984 ll.

351 5179 465 5239 Siciliae
488 5197 547 5239 non
568 5187 649 5240 recto
672 5183 780 5241 tributa
802 5192 847 5241 est
869 5203 885 5240 a
908 5187 1002 5256 primo
1025 5187 1088 5243 eius
1112 5185 1223 5242 editore
1246 5202 1277 5242 n.
1296 5189 1348 5244 tl.
