3402 5924
290 577 361 649 100
794 586 951 636 consuas
970 587 1123 638 SPvitlllli.

284 781 413 834 videlicet
430 780 484 832 boc
500 783 624 846 agentes,
644 783 676 831 ut
693 779 806 844 glandes
823 791 888 830 suas
906 779 1033 843 antiquas
1050 789 1111 829 esse
1129 781 1255 844 empturo
1272 777 1487 843 persuaderent,
1514 781 1545 828 ιι
1563 777 1636 842 glan

285 867 334 920 des
352 869 427 933 ipsae
446 879 512 919 sane
533 869 597 917 suni
615 867 800 932 antiquae-
811 865 932 930 Denique
950 878 974 916 a.
995 867 1060 916 4877
1079 862 1152 914 idem
1165 864 1344 915 Venturiuius
1362 877 1422 916 sese
1441 865 1558 929 glandes
1577 867 1635 916 ante

282 956 338 1006 tres
350 955 514 1019 quattuorve
531 965 619 1004 annos
637 951 783 1004 ellossione
801 965 818 1002 a
835 963 865 1002 se
883 947 955 1003 lacta
974 952 1096 1016 repertas
1109 950 1226 1001 Parisios
1245 950 1401 1001 vendidisse
1421 951 1489 1001 mibi
1502 953 1633 1005 narrarit

355 1042 393 1091 lta
405 1053 469 1092 cum
481 1037 622 1090 erroribus
639 1037 775 1090 editorum
794 1039 852 1087 tum
865 1037 1061 1102 negotiantium
1079 1035 1224 1088 fraudibus
1242 1037 1368 1088 immanis
1386 1037 1559 1102 perturbatio
1577 1040 1637 1088 uni-

285 1139 396 1179 versnm
410 1126 620 1190 inscriptionum
633 1136 718 1189 genus
730 1124 883 1188 occupavit.
910 1123 1052 1188 inscriptio
1065 1123 1197 1186 genuina,
1215 1125 1246 1174 ut
1262 1133 1355 1185 uorlr,
1374 1122 1466 1174 editur
1479 1123 1552 1174 male
1571 1123 1634 1174 lecta

286 1214 404 1274 diverse,
424 1212 506 1263 modo
525 1222 631 1283 noran,
654 1208 735 1261 modo
754 1219 857 1276 cotun,
879 1209 961 1260 modo
979 1219 1083 1276 τοιιιι;
1107 1207 1208 1260 laisaril
1227 1208 1278 1259 bos
1297 1210 1434 1260 editorum
1453 1224 1563 1262 errores
1581 1213 1636 1263 sise

284 1299 392 1350 ficticiis
410 1298 468 1349 sive
485 1299 610 1362 genuinis
627 1296 770 1362 glandibus
788 1295 920 1358 inierunt,
940 1299 971 1347 ut
988 1297 1043 1347 iam
1055 1309 1151 1347 omnes
1169 1295 1230 1347 illae
1243 1295 1375 1348 lectiones
1387 1297 1470 1348 lalsae
1483 1299 1511 1348 in
1522 1299 1635 1365 plumbo

284 1397 393 1452 quoque
411 1385 594 1450 reperiantur;
616 1383 666 1435 bae
679 1383 762 1434 iulsae
775 1383 888 1448 glandes
903 1397 952 1450 pro
965 1383 1090 1447 genuinis
1104 1381 1239 1434 habentur
1250 1385 1278 1434 et
1289 1383 1417 1446 eduntur,
1431 1384 1481 1435 sed
1493 1399 1510 1436 a
1521 1385 1636 1449 quibus·

284 1473 349 1524 dam
361 1470 513 1524 editoribus
526 1471 616 1523 denuo
629 1483 771 1537 perperam
784 1470 921 1534 leguntur,
935 1472 966 1521 ut
984 1465 1104 1522 οιιιιιοιι
1121 1467 1322 1532 Desierdiulus,
1347 1478 1490 1524 orrsnvn
1507 1471 1636 1536 llergkius

283 1557 434 1608 effecerunt
451 1571 485 1608 ex
513 1567 653 1619 ornnem
675 1557 879 1622 inscriptionem
892 1569 926 1605 ex
956 1565 1122 1609 l·s·calvn
1145 1553 1235 1605 fictam
1247 1569 1263 1606 ι
1275 1554 1384 1606 falsario
1397 1555 1468 1607 hanc
1485 1568 1635 1612 cumuli

284 1643 356 1694 male
367 1643 491 1706 legerunt
509 1653 659 1698 cruvallvs
677 1641 876 1707 Desjardinius‚
897 1652 1014 1696 bonvm
1030 1652 1088 1694 lvn
1106 1641 1251 1706 Berginium
1271 1641 1392 1707 denique
1403 1643 1542 1696 eiusmodi
1555 1643 1633 1696 lalsse

247 1793 249 1798 Ι
283 1728 413 1782 falsarum
435 1728 568 1781 lectiones
590 1729 625 1780 ab
650 1728 747 1782 eodem
770 1727 878 1780 falsario
904 1729 931 1778 in
955 1727 1100 1792 glandibus
1124 1726 1214 1779 denuo
1238 1729 1412 1780 excuduntur
1437 1719 1577 1801 (οιιειιοιι
1611 1737 1635 1783 ιι

281 1805 457 1890 cinvnllvs).
495 1814 618 1866 Proiecto
632 1816 659 1865 in
672 1815 748 1866 nullo
761 1814 814 1866 alio
833 1815 1044 1880 inscriptionum
1062 1827 1161 1878 genere
1173 1815 1201 1864 et
1212 1813 1427 1866 describentium
1440 1815 1633 1883 edentinmque

281 1902 362 1969 culpa
380 1904 408 1952 et
426 1900 597 1952 falsariorum
616 1899 710 1952 lraude
728 1907 853 1952 errorum
871 1912 993 1966 propago
1011 1913 1142 1964 umquam
1160 1899 1242 1952 latius
1260 1901 1354 1966 patuit.

351 1989 426 2050 Quae
451 1999 515 2038 cum
534 1989 569 2040 ita
588 1989 658 2050 sint,
686 1987 797 2038 omnino
816 1985 997 2037 diffidendum
1022 1987 1074 2038 erit
1097 1985 1226 2036 omnibus
1250 1986 1390 2051 glandium
1409 1989 1633 2055 inscriptionibus

282 2075 334 2126 nisi
351 2074 472 2142 prolatae
491 2077 571 2125 erunt
588 2074 623 2125 ab
642 2087 684 2136 eo,
704 2086 787 2138 quem
799 2071 931 2124 didicisse
949 2075 1056 2124 constet
1073 2072 1108 2122 de
1125 2071 1169 2123 his
1186 2071 1270 2124 rebus
1288 2077 1360 2125 recte
1379 2075 1514 2136 iudicum
1536 2076 1633 2127 deinde

281 2161 335 2212 hoc
353 2161 503 2212 tenendum
521 2161 590 2224 erit,
616 2172 699 2212 unam
722 2171 861 2224 quamque
879 2157 1003 2209 eiusdem
1021 2159 1134 2222 originis
1151 2160 1265 2222 seriem,
1291 2162 1317 2210 in
1342 2174 1396 2224 qua
1419 2173 1475 2212 uua
1501 2159 1568 2214 laisa
1585 2163 1632 2214 de-

281 2247 416 2313 prebensa
434 2246 484 2310 sit,
503 2249 662 2297 universam
682 2249 737 2296 iam
756 2245 805 2296 diu
822 2247 976 2310 suspectam
993 2255 1054 2295 esse
1072 2243 1236 2308 habendam,
1256 2245 1345 2297 donec
1363 2246 1397 2296 ab
1417 2246 1529 2299 homine
1548 2250 1632 2313 perito

282 2331 394 2398 glandes
412 2333 487 2398 ipsae
506 2331 674 2382 examinatae
693 2331 759 2394 sint;
779 2329 813 2382 cl.
833 2343 904 2396 quae
923 2330 979 2380 dlxi
998 2330 1024 2380 ln
1042 2342 1143 2384 comm.
1165 2333 1229 2382 min.
1250 2333 1327 2386 acad.
1350 2335 1416 2382 4876
1435 2347 1462 2398 p.
1479 2337 1522 2384 78.

351 2418 391 2470 ld
416 2417 608 2483 inscriptiones
632 2415 857 2468 Vincenzinianas
885 2417 1102 2480 investigandas,
1131 2417 1322 2483 explicandas,
1341 2419 1553 2471 'describendas
1579 2433 1630 2470 non

281 2517 417 2557 minorem
435 2516 529 2554 curam
542 2503 644 2554 contuli
662 2515 746 2568 quam
770 2504 793 2554 sl
811 2503 939 2568 antiquae
957 2506 1058 2564 essent,
1079 2516 1142 2554 nam
1162 2504 1214 2554 hoc
1232 2507 1273 2555 esi
1286 2517 1352 2556 vere
1373 2518 1487 2570 operam
1507 2507 1628 2572 perdere,

281 2605 366 2659 prava
383 2591 451 2643 haec
470 2592 625 2642 commenta
644 2589 816 2654 neclegenter
833 2587 1015 2639 examinando
1035 2589 1062 2638 in
1075 2591 1154 2655 peius
1166 2589 1329 2655 depravare;
1352 2604 1435 2655 aquo
1449 2605 1513 2642 cum
1527 2595 1631 2658 priores

281 2691 347 2730 sane
371 2689 426 2728 nou
451 2678 517 2728 satis
539 2677 689 2736 cavissent,
715 2688 747 2726 ea
771 2688 855 2741 quam
878 2687 960 2740 supra
984 2674 1136 2738 significavi
1160 2676 1321 2728 contusione
1346 2677 1398 2728 boc
1423 2679 1632 2744 inscriptionum

280 2777 365 2830 genus
384 2762 624 2829 perturbaverant,
646 2773 700 2812 nun
719 2761 778 2812 sine
797 2773 905 2812 summo
924 2773 1012 2826 eoque
1031 2760 1156 2826 improbo
1175 2761 1268 2814 labore
1287 2762 1367 2814 nobis
1381 2765 1434 2815 lam
1454 2765 1630 2831 expedienda.

280 2851 313 2901 ιιι
331 2863 397 2901 vero
415 2849 554 2914 religionis
572 2853 651 2912 esset,
670 2847 697 2896 ln
717 2846 897 2912 inprimendis
915 2846 984 2910 nis1)
1006 2847 1117 2912 quidem
1130 2846 1274 2899 fraudibus
1293 2849 1328 2899 lla
1347 2852 1467 2913 versari,
1488 2855 1520 2902 nt
1538 2851 1632 2902 litteris

280 2936 441 2988 maiusculis
466 2937 569 2999 integra
594 2932 690 2984 mutila
718 2945 782 2984 uum
806 2931 934 2985 omnibus
963 2934 1115 3000 scripturae
1140 2935 1262 2985 minutiis
1285 2939 1413 2988 accurate
1445 2943 1631 3002 repraesenta·
1692 2973 1693 2976 ,

281 3025 385 3082 rentur,
404 3035 437 3073 ac
454 3021 577 3086 putidam
596 3019 716 3085 proiecto
734 3017 840 3069 diceres
858 3017 1027 3083 diligentiam
1046 3021 1072 3070 in
1091 3020 1134 3070 bis
1153 3020 1234 3072 talem
1252 3019 1422 3084 collocatam,
1443 3025 1546 3090 quippe
1565 3037 1631 3089 quse

279 3109 314 3160 ab
332 3109 431 3159 barum
450 3107 659 3172 inscriptionum
672 3106 758 3170 pretio
771 3104 933 3156 abhorreret
945 3119 997 3156 uec
1014 3107 1053 3157 rei
1071 3106 1122 3172 ipsi
1143 3107 1184 3158 vel
1203 3107 1298 3159 lectori
1312 3108 1490 3164 conduceret.
1530 3111 1632 3175 Nempe

279 3195 331 3246 hac
349 3194 469 3245 editione
487 3194 516 3244 id
535 3194 639 3257 agitur,
665 3194 695 3240 ut
712 3204 760 3241 ιιι
780 3192 979 3256 inscriptiones,
1005 3205 1074 3256 quae
1092 3191 1127 3242 ad
1151 3193 1204 3244 hoe
1222 3207 1308 3259 genus
1332 3191 1462 3246 falsarum
1482 3197 1627 3261 pertinent,

279 3281 441 3344 colligantur
464 3281 491 3331 et
514 3281 637 3346 priorum
660 3275 802 3328 erroribus
825 3277 937 3328 remotis
959 3280 1034 3329 recte
1059 3277 1145 3330 lectae
1164 3279 1354 3341 exhibeantur,
1375 3281 1546 3347 omninoque
1564 3283 1629 3333 baec

278 3369 392 3418 materia
411 3367 447 3417 ita
464 3369 646 3432 proponatur,
673 3365 753 3414 ntea
771 3363 813 3414 usi
832 3361 942 3414 fraudes
966 3377 1132 3428 cognoscere
1156 3363 1191 3416 ab
1216 3367 1305 3430 iisque
1322 3379 1419 3417 cavere
1437 3369 1555 3432 possint.
1596 3369 1629 3417 lis

279 3454 371 3504 autem
389 3451 454 3514 hac,
476 3465 529 3517 qua
541 3463 609 3502 usus
627 3461 687 3500 sum
701 3450 805 3500 ratione
824 3449 896 3512 (vide
914 3463 984 3515 quae
1003 3463 1029 3517 p.
1046 3454 1094 3500 ιιι
1114 3453 1178 3503 ante
1202 3464 1229 3504 n.
1241 3449 1292 3501 ul*
1310 3451 1422 3514 notavi),
1450 3453 1531 3517 plene
1550 3457 1631 3505 setis-

278 3537 379 3590 laotum
403 3549 462 3589 esse
481 3535 598 3586 conlido.
643 3533 681 3584 Ea
705 3534 850 3586 commodo
875 3549 986 3601 quoque
1012 3537 1121 3587 lectoris
1144 3537 1284 3588 consuluit
1302 3537 1391 3588 indice
1410 3539 1551 3600 subiecto,
1578 3553 1630 3604 quo

277 3626 370 3676 omnia
388 3623 512 3674 eiusdem
531 3620 718 3686 inscriptionis
735 3621 900 3686 exemplaria
919 3623 1069 3688 composita
1088 3625 1160 3674 sunt.
1180 3625 1358 3675 -Priorum
1378 3624 1528 3686 editorum,
1551 3639 1630 3691 prae-

277 3712 358 3777 cipue
377 3707 554 3773 Dcsjardinii,
580 3709 608 3757 in
634 3705 756 3770 legendis
780 3707 1006 3773 inscriptionibus
1028 3721 1135 3760 errores
1153 3707 1209 3760 lero
1228 3723 1282 3761 uon
1295 3709 1388 3771 attuli,
1408 3713 1472 3776 quia
1486 3711 1539 3763 hoc
1552 3712 1631 3778 plane

277 3809 340 3848 are
359 3796 416 3861 ipsa
435 3795 463 3846 et
479 3794 618 3859 proposito
637 3793 733 3843 nostro
756 3791 876 3844 alienum
902 3797 953 3847 est.
995 3795 1023 3846 Si
1041 3807 1124 3859 quem
1148 3797 1239 3847 tamen
1258 3795 1370 3857 iuvabit,
1396 3799 1491 3850 nostro
1517 3798 1630 3849 elencbo

278 3895 341 3935 cum
363 3881 483 3932 editione
509 3879 583 3930 illius
607 3880 762 3943 comparato
784 3877 864 3930 laclle
887 3880 1044 3946 intellegere
1061 3882 1176 3946 poterit,
1206 3895 1276 3947 quae
1293 3883 1353 3934 eius
1371 3883 1567 3950 inscriptiones
1584 3887 1629 3934 aul

277 3969 356 4020 allier
382 3965 510 4032 legendae
541 3965 596 4016 sint
620 3966 667 4015 aut
684 3965 796 4016 omnino
822 3965 912 4017 nullae
936 3968 991 4018 sini
1009 3966 1096 4029 (nam,
1116 3981 1171 4033 quo
1195 3969 1229 4020 de
1254 3969 1307 4019 iam
1327 3971 1435 4030 monui,
1466 3971 1567 4021 mullas
1585 3969 1629 4020 ille

277 4054 377 4114 edidit,
406 4052 454 4104 ubi
478 4065 511 4102 ne
537 4051 658 4102 incertae
683 4050 794 4115 quidem
825 4053 949 4105 lectionis
975 4053 1089 4117 vestigia
1114 4055 1242 4118 erstant);
1274 4058 1413 4120 praeterea
1430 4053 1582 4122 inspiciat,
1607 4057 1631 4106 si

277 4141 351 4202 velit,
373 4139 511 4204 specimen
529 4149 654 4188 errorum
673 4136 851 4200 Desjardinil,
871 4139 945 4204 quod
964 4138 1076 4190 exhibui
1095 4141 1123 4190 in
1142 4153 1241 4194 comm.
1259 4142 1359 4192 minor.
1373 4141 1449 4193 acad.
1465 4142 1553 4196 Berol.
1566 4145 1629 4190 7875

275 4241 301 4294 p.
316 4227 461 4280 ilo-til.
477 4251 513 4262 -
531 4223 728 4284 Frustulorum,
753 4237 823 4288 quae
842 4225 913 4274 male
937 4238 1038 4278 excusa
1061 4227 1088 4276 ιι
1106 4227 1227 4279 incertae
1251 4227 1377 4279 lectionis
1394 4231 1468 4287 sunl,
1495 4228 1628 4292 permulta

277 4325 321 4364 me
342 4313 467 4364 omisisse
488 4313 702 4362 consentaneum
722 4312 771 4361 est,
791 4309 954 4362 —Tabulis
972 4311 1102 4376 imagines
1121 4312 1301 4379 beliotypicas
1322 4315 1358 4365 ad
1379 4311 1503 4379 ectypab
1529 4313 1629 4366 efficias

275 4397 477 4464 repraesentavi
496 4400 570 4448 lanto
590 4407 715 4458 numero,
740 4398 859 4460 quantm
877 4395 1002 4448 sulficere
1020 4397 1160 4449 videretur
1177 4397 1211 4450 ad
1231 4401 1390 4452 incusarum
1408 4402 1529 4466 speciem
1547 4414 1564 4452 a
1581 4413 1627 4463 ge-

276 4485 368 4536 nuinis
384 4485 530 4535 distantem
544 4482 715 4548 aliquatenus
733 4482 965 4546 cognoscendam;
987 4483 1035 4534 sed
1054 4497 1103 4548 per
1120 4497 1150 4536 se
1167 4487 1253 4551 patet,
1282 4488 1389 4537 certum
1406 4486 1440 4538 da
1459 4487 1502 4538 bis
1527 4486 1628 4538 fraudi-

274 4569 327 4624 bus
345 4569 478 4620 ludlclum
497 4568 602 4634 acquiri
622 4580 676 4619 non
701 4581 781 4634 posse
800 4567 965 4632 imaginibus
984 4567 1032 4620 sed
1051 4569 1197 4634 glandibus
1216 4572 1310 4624 mullis
1329 4575 1384 4624 tam
1402 4573 1529 4637 genuinis
1548 4585 1628 4638 quam

274 4655 382 4707 ficticiis
401 4657 562 4708 examinatis
580 4657 607 4705 ιι
625 4655 696 4706 inter
714 4667 743 4705 se
761 4655 935 4720 comparatis.

345 4829 369 4891 l]
391 4831 419 4879 ln
439 4825 583 4893 n.t*sqq.
609 4839 654 4878 res
677 4825 767 4892 paullo
792 4827 871 4878 aliter
899 4829 1056 4892 comparata
1079 4829 1130 4878 est.
1167 4827 1237 4880 Nem
1261 4827 1317 4880 lere
1341 4841 1437 4880 omnes
1461 4828 1513 4880 diu
1537 4832 1624 4888 notae,

274 4915 438 4980 saepiusque
464 4915 498 4965 ab
522 4912 680 4964 hominibus
697 4912 786 4964 doctis
804 4913 892 4964 editae
917 4911 1089 4964 adhibitaeve
1110 4917 1187 4974 suut,
1214 4913 1314 4967 deinde
1333 4927 1397 4966 cum
1415 4929 1430 4964 a
1449 4915 1625 4966 Vinceuainio

274 5001 301 5050 in
320 5001 377 5051 suis
390 5000 533 5065 glandibus
552 5000 683 5065 repetitae
696 4999 758 5062 sint,
780 5011 833 5049 non
853 4999 1009 5064 parvisunt
1027 5003 1159 5050 momenti
1173 4999 1208 5051 ad
1227 5002 1287 5053 eius
1306 5000 1414 5052 fraudes
1428 5001 1626 5066 coarguendus.

274 5086 334 5138 Huc
352 5086 474 5148 accedit,
501 5085 576 5151 quod
600 5098 705 5152 paucae
731 5087 795 5136 sunt
818 5098 884 5150 prae
903 5083 1011 5136 illarum
1035 5087 1114 5152 copia
1133 5088 1246 5152 ingenti.
1290 5087 1379 5148 Quare
1403 5088 1432 5138 in
1455 5087 1500 5140 his
1518 5087 1627 5153 quidem

273 5171 358 5222 alium
378 5171 478 5224 edendi
498 5172 609 5222 modum
629 5169 837 5236 praeferendum
857 5184 918 5223 esse
936 5171 1009 5224 duxi.

347 5261 370 5320 ι)
394 5259 537 5309 Foramina
556 5257 689 5310 nonnulla
707 5259 821 5320 minuta,
842 5271 913 5322 quae
932 5271 973 5309 ex.
988 5273 1028 5323 gr.
1050 5259 1104 5309 lab.
1119 5259 1191 5320 Xlll,
1209 5262 1239 5309 ll
1259 5260 1286 5310 lu
1307 5259 1404 5310 litteris
1422 5271 1470 5312 sni
1488 5264 1628 5326 apparent,

273 5350 336 5396 nala
356 5349 420 5396 sunt
438 5346 466 5395 in
484 5345 589 5409 ectypis
609 5343 773 5408 formandis3
794 5343 829 5394 ab
847 5345 1004 5410 archetypis
1022 5343 1129 5398 absunt.
