3402 5924
558 604 714 655 8888888
733 604 884 656 saverne.
1226 677 1229 684 .
1346 591 1394 664 99

110 795 128 856 r}
150 793 265 846 Nomina
282 794 416 846 vironsm
437 794 586 846 illustrium
606 793 669 846 inde
687 807 702 844 a
719 794 819 846 iiarcio
831 795 975 848 Coriolano
992 799 1020 846 et
1034 797 1113 848 Furio
1127 795 1240 848 Camiiio
1259 809 1347 862 usque
1360 798 1394 849 ad

50 879 79 928 ii.
97 881 236 930 Antonium
261 893 319 930 888.
343 881 381 932 777
402 882 473 946 imp.
494 881 543 932 iiii
561 881 580 932 7.
599 895 624 932 8.
650 881 685 932 88
703 894 806 932 annum
828 895 936 948 pugnae
962 881 1087 934 Actiacae
1108 881 1152 946 (87.
1176 883 1395 936 idonctrberictte

51 968 108 1015 vsvs
125 979 150 1031 p.
164 966 220 1027 sai:

125 1081 250 1142 7878887887
272 1089 484 1134 coittotitivvs
669 1081 897 1146 cri·iiirv[iulatri)

166 1165 294 1228 8878887878)
315 1165 520 1228 8888078888)
670 1167 857 1228 caventur)

125 1254 233 1312 888ζὲ887
258 1252 411 1318 minuitur)
668 1251 883 1314 8888888888
902 1253 990 1316 7778877

125 1338 247 1400 monituri
269 1339 457 1401 restructuri
476 1347 545 1393 (8888
558 1347 613 1395 888.)
669 1339 805 1401 uenimus)
826 1339 991 1403 seruiiterii

126 1425 326 1488 8888888788)
349 1425 502 1488 eusiciam)
669 1425 810 1486 8777888788)
833 1427 936 1490 numus)
960 1437 1009 1480 888

126 1501 318 1570 summouet
348 1513 483 1576 88877887)
665 1513 1016 1578 romaricensi-ctoriae
1036 1507 1042 1582 1
1062 1523 1178 1566 rur-uu
1196 1519 1267 1573 (8888
1280 1509 1349 1575 8887)

112 1622 134 1684 d]
152 1623 181 1674 T.
194 1622 325 1674 Afranius
338 1627 368 1673 et
382 1625 534 1675 indaciiius
545 1624 590 1676 hic
602 1624 729 1688 leguntur
741 1639 775 1676 ex
786 1624 895 1688 vulgata
907 1627 1044 1691 scriptura
1062 1623 1127 1676 78788
1150 1625 1207 1690 ipro
1226 1624 1351 1676 belrenio
1370 1629 1398 1676 et

52 1707 195 1770 i'idaciiio);
216 1709 246 1759 T.
261 1709 401 1760 Auridius
415 1709 476 1770 w,
492 1713 541 1760 788
553 1711 589 1762 87.
604 1711 735 1776 repetitus
753 1713 839 1762 88788
853 1712 1030 1776 inscriptione
1043 1711 1217 1764 Fabrianeosi
1234 1711 1333 1774 (0887777
1347 1715 1396 1762 788

52 1815 80 1837 --
98 1798 167 1856 stit)
193 1800 323 1861 suspecta
352 1797 477 1860 [7788888
501 1809 530 1862 8.
550 1797 621 1860 aet),
649 1798 713 1848 item
737 1798 799 1849 Sex.
820 1797 930 1848 Netrius
955 1797 1013 1862 w,
1034 1797 1138 1850 88787.
1166 1811 1199 1848 88
1225 1796 1398 1850 i'abrianensi

51 1880 133 1931 (7887177
149 1885 214 1931 tito
239 1881 312 1932 maie
337 1882 413 1934 lecta
439 1883 559 1944 (7788888
578 1896 604 1948 8.
620 1885 685 1944 878,
709 1881 743 1934 87.
760 1885 892 1950 8.,7778),
934 1883 974 1934 Ex
997 1885 1096 1936 ceteris
1120 1887 1282 1935 commentis
1305 1885 1399 1934 multis

53 1967 157 2018 suihciat
174 1981 346 2020 memorasse
364 1967 458 2020 888877.
476 1970 581 2033 superb.
603 1971 645 2032 (ex
662 1969 782 2034 Vergilio
804 1971 870 2020 Aen.
893 1974 918 2032 s,
933 1973 982 2020 888
1002 1975 1155 2036 sumptum,
1182 1969 1217 2022 87.
1238 1971 1397 2022 8788878788.

54 2057 111 2104 7878
129 2068 153 2120 8.
170 2057 207 2116 it]
230 2059 257 2106 et
275 2057 345 2108 887778
363 2059 458 2108 mirera·
475 2056 510 2108 88
528 2055 628 2106 lamam
646 2055 822 2108 obsessorum
844 2057 957 2120 (88777887
975 2057 1107 2120 Perusiae)
1126 2055 1261 2108 alludens.

116 2160 138 2220 5)
162 2158 200 2209 778
220 2159 332 2210 llinicio
352 2160 381 2210 in
401 2173 482 2211 usum
501 2173 583 2211 suum
605 2159 730 2212 falsarius
753 2161 835 2211 vertit
860 2173 915 2212 non
939 2159 1011 2212 88788
1032 2159 1183 2212 Asculanos
1207 2161 1398 2226 inscriptiones

53 2243 96 2292 sed
107 2246 256 2309 promiscue
270 2247 355 2296 etiam
369 2249 493 2298 ceteras:
518 2246 637 2298 Siculam
651 2247 765 2312 Pisonis,
785 2247 939 2306 Perusinas,
954 2247 1106 2300 Cumauam
1120 2250 1178 2310 777,
1199 2245 1318 2312 denique
1329 2247 1398 2298 8888

55 2331 229 2382 Atheniensem
251 2332 386 2396 (ΔΕΞΑΙ),
414 2335 442 2383 87
465 2333 493 2383 78
518 2334 550 2384 778
571 2333 718 2398 glandibus
735 2333 871 2396 exhibuit,
896 2346 966 2398 quae
985 2337 1075 2384 tamen
1094 2333 1246 2384 Asculanos
1264 2335 1292 2384 87
1309 2339 1400 2385 esseni

57 2419 78 2478 {a
94 2419 184 2467 ceteris
201 2420 260 2482 ipsa
279 2417 370 2469 iorme
387 2419 527 2483 distentas)
549 2423 577 2471 87
593 2419 811 2472 avendiioribus
829 2432 890 2471 esse
909 2419 1073 2471 dicerentur.
1111 2419 1172 2470 Nou
1190 2421 1277 2484 magis
1294 2423 1399 2472 curavit

57 2502 231 2555 italicorumna
249 2517 285 2555 88
304 2505 497 2556 Romanorum
515 2506 656 2571 inscriptio
674 2505 764 2558 788877.
801 2505 879 2558 Vnde
897 2503 999 2557 iactum
1017 2509 1070 2566 cst,
1095 2509 1127 2556 ut
1145 2508 1268 2558 omnium
1290 2505 1399 2558 iliarum

57 2589 183 2651 regionum
205 2591 403 2656 inscriptiones
420 2590 563 2642 Asculanis
587 2593 614 2642 78
633 2591 778 2656 glandibus
803 2592 938 2654 88878887,
963 2593 1032 2657 quin
1055 2593 1137 2643 etiam
1161 2592 1265 2658 aliquot
1287 2593 1400 2656 glandes

58 2679 211 2738 emergerent
227 2677 398 2728 Aeculanum
417 2691 481 2728 cum
495 2680 626 2730 Perusina
642 2682 690 2730 aui
709 2679 830 2730 italicam
849 2691 913 2730 cum
925 2679 1045 2730 Romana
1062 2679 1224 2730 coniunctas
1242 2678 1400 2730 exhibentes

62 2759 99 2820 (ci.
112 2775 149 2811 88
162 2777 200 2826 gr.
214 2763 383 2827 Bergistanos
403 2761 463 2826 w,
478 2768 520 2814 77.
542 2767 575 2814 ta
600 2769 628 2816 87
648 2765 793 2830 Bergirium
812 2765 881 2817 Schi.
902 2769 1057 2830 887-88,
1084 2769 1131 2831 qui
1157 2779 1191 2816 ne
1215 2764 1265 2816 bas
1289 2765 1400 2832 quidem

59 2857 114 2896 suas
131 2847 238 2912 glandes
255 2850 405 2902 8888888877
421 2853 489 2902 mira
507 2852 730 2916 interpretatione
754 2853 843 2916 usus).
864 2878 895 2890 -
922 2851 1117 2916 Pictorumque
1135 2851 1269 2902 Ascuisna
1291 2853 1367 2916 origo
1384 2867 1400 2904 a

61 2932 233 2986 venditoribus
245 2948 299 2986 non
313 2940 358 2989 est
371 2937 555 3000 dissimuiaia;
575 2939 726 2990 immensus
738 2951 871 2990 numerus
884 2952 917 2990 ne
930 2939 1115 3004 suspicionem
1128 2941 1261 2998 moveret,
1281 2939 1401 3004 primum

61 3017 85 3066 78
100 3019 189 3082 vulgus
205 3027 378 3086 sparserunt,
399 3021 532 3075 iussiones
550 3037 639 3090 nuper
656 3026 683 3076 in
702 3025 781 3076 niveo
793 3023 940 3076 Castaliani
959 3023 1043 3076 788788
1062 3037 1135 3076 esse:
1168 3037 1201 3075 ec
1219 3037 1249 3074 re
1261 3037 1325 3075 vera
1343 3028 1400 3076 tum

62 3105 196 3167 permultae
218 3107 256 3160 ihi
281 3109 401 3174 glandes
425 3113 547 3175 repertae
566 3113 632 3162 sunt
652 3113 687 3176 78.
702 3115 717 3161 8
731 3113 796 3176 sq),
817 3114 845 3164 87
862 3112 1009 3176 7888878788
1030 3111 1224 3176 paucissimam
1251 3109 1401 3164 88788888

62 3189 240 3256 coniugomnt,
265 3199 297 3246 ut
322 3196 439 3262 glandes
462 3195 497 3248 ab
515 3197 614 3248 comite
632 3198 744 3264 Arpinio
768 3211 818 3262 per
836 3197 937 3249 multos
960 3210 1048 3248 annos
1068 3197 1196 3248 collectas
1221 3198 1275 3248 iam
1293 3197 1402 3248 venisse

68 3275 218 3334 7888878888.
233 3284 299 3332 7878
318 3297 348 3348 8.
364 3284 406 3346 ot)
428 3287 584 3334 narrarent:
617 3283 690 3334 hanc
714 3297 819 3336 meram
837 3296 897 3334 esse
922 3281 1041 3336 iabuiam
1059 3296 1075 3334 a
1093 3283 1294 3347 negotiantibus
1311 3281 1401 3333 7787888

64 3361 143 3412 Asculi
155 3369 271 3432 comperi
288 3369 361 3430 (vide
380 3369 415 3420 ad
428 3383 455 3419 n.
470 3367 541 3432 w).
555 3369 815 3435 -Nonnumquam
834 3373 926 3422 tamen
945 3370 1027 3422 eiiam
1040 3369 1171 3434 originem
1190 3367 1284 3420 falsam
1297 3370 1402 3420 mentiti

65 3451 120 3498 sunt
135 3462 193 3502 cum
203 3455 325 3506 variandi
345 3457 434 3520 gratia
452 3459 511 3506 78888
529 3458 561 3506 87
578 3457 662 3508 merci
681 3457 800 3522 pretium
819 3461 956 3520 augerent.
991 3456 1029 3506 lte
1041 3455 1176 3520 quaedam
1195 3455 1268 3522 apud
1282 3455 1403 3506 iletriam

65 3537 89 3582 ei
105 3535 255 3589 iiaceratam
277 3545 404 3606 88888788
426 3554 486 3594 esse
504 3542 592 3593 dictae
610 3546 673 3593 sunt
695 3542 766 3606 (vide
784 3541 819 3593 ad
839 3539 897 3602 w,
915 3546 939 3592 7.
962 3539 1034 3606 w),
1061 3541 1229 3593 vrbisaiviae
1248 3540 1308 3603 w,
1335 3543 1402 3593 Cor-

67 3623 136 3672 78888
152 3623 209 3687 877,
230 3627 303 3691 8888
323 3628 417 3678 iocum
434 3628 624 3680 Trasimenum
644 3627 704 3692 9⁰⁸,
724 3628 796 3694 apud
816 3628 950 3691 88778888
968 3628 1070 3680 Galliae
1088 3627 1138 3678 tti
1156 3626 1190 3679 87.
1206 3625 1265 3691 8877,
1286 3628 1404 3693 denique

67 3703 128 3758 duae
145 3711 198 3772 877,
219 3717 229 3762 7
245 3718 298 3765 878
317 3715 433 3766 Athenis
453 3717 610 3781 provenisse
628 3715 761 3766 ieruntur.

129 3813 266 3866 Glandium
283 3817 486 3869 Asculanarum
510 3821 708 3870 commercium
732 3832 815 3884 quem
834 3818 887 3869 iate
905 3818 1038 3884 patuerit,
1065 3830 1097 3868 88
1117 3816 1220 3881 sylloge
1239 3816 1309 3869 78788
1328 3817 1401 3870 edita

69 3893 137 3948 788778
152 3905 228 3963 88787.
262 3905 408 3956 Praetereo
426 3905 460 3956 de
478 3903 653 3968 hominibus,
679 3907 726 3970 qui
745 3918 852 3956 merces
874 3905 935 3956 ilias
953 3915 1159 3970 quoqueversus
1181 3903 1401 3964 divendiderunt‚

70 3982 128 4032 mihi
143 3987 220 4038 887878
238 3995 302 4040 8887
325 3991 401 4042 78888
425 4003 524 4058 pauce;
553 4005 647 4042 eorum
672 4005 727 4042 non
750 3991 870 4042 alienum
889 4005 905 4042 a
922 4003 952 4040 re
975 3989 1057 4040 788877
1079 4003 1294 4042 commemorare
1318 3991 1401 4042 haec:

72 4067 246 4126 leuardentius
264 4089 337 4128 anno
351 4081 418 4128 7878
432 4078 500 4128 887787
519 4078 632 4130 miserat
649 4077 778 4142 glandem
796 4089 843 4130 8788
861 4077 1021 4143 inscriptam
1036 4079 1068 4126 ut
1085 4074 1228 4126 8888778878
1247 4078 1404 4142 spuriarum

73 4156 192 4216 specimen
214 4163 248 4224 (8.
264 4162 359 4226 878’);
380 4167 463 4228 atque
480 4177 513 4215 ea
531 4163 654 4230 proiecto
668 4177 757 4228 nequa
775 4162 890 4229 plumbo
902 4177 992 4228 neque
1012 4162 1110 4212 litteris
1122 4162 1259 4214 noviciam
1272 4165 1406 4228 originem

74 4238 207 4296 ullomodo
219 4247 382 4301 dissimulat.
412 4251 469 4301 iam
482 4263 547 4301 vero
566 4265 590 4302 a.
606 4255 671 4300 7877
690 4250 784 4302 Asculi
800 4251 979 4301 Venturinius
997 4247 1103 4300 8887788
1121 4247 1248 4312 glandem
1267 4249 1306 4300 iiii
1325 4250 1406 4316 piane

75 4328 192 4385 8717778888
210 4335 246 4395 [n.
261 4335 336 4399 8787)
358 4337 425 4387 mihi
444 4336 520 4388 dedit
537 4337 635 4389 eodem
655 4337 786 4398 oonsilio,
815 4337 833 4386 7.
849 4350 871 4389 o.
884 4340 915 4388 ut
932 4349 996 4388 cum
1014 4335 1159 4400 glandibus
1177 4335 1247 4386 maie
1267 4337 1294 4386 78
1313 4339 1406 4403 88887-

78 4411 170 4465 cionem
186 4421 286 4471 vocatis
305 4421 472 4486 conferrem,
500 4423 606 4475 addens
630 4436 659 4474 se
684 4425 736 4474 tria
756 4422 923 4488 exemplaria
941 4423 1001 4474 eius
1025 4421 1154 4473 laicarum
1176 4423 1276 4488 8888787
1298 4423 1407 4476 vidisse.

77 4494 195 4553 coniicias
211 4511 272 4558 8887
289 4507 389 4559 8887888
406 4508 450 4559 vei
469 4512 525 4562 7888
537 4523 570 4560 88
589 4508 732 4560 consiiioa
752 4507 861 4559 78188878
881 4510 996 4574 eiusque
1013 4507 1106 4568 sociis,
1125 4510 1156 4557 ut
1171 4511 1327 4560 commenta
1345 4523 1405 4570 sua,

78 4581 121 4632 78.
133 4587 308 4656 inscriptiones
326 4596 452 4646 noviciae
464 4597 492 4646 in
505 4595 625 4660 antiquis
637 4594 784 4659 glandibus
796 4607 922 4656 8888888,
936 4593 1095 4645 hominihus
1108 4591 1215 4645 iaciiius
1227 4595 1406 4660 imponerent.

78 4670 205 4726 —Deinde
216 4677 393 4732 Venturinius
405 4693 449 4731 me
462 4681 557 4732 docuit
567 4681 708 4745 glaudium
722 4681 896 4745 antiquarum
906 4678 1081 4744 superficiem
1092 4677 1171 4744 longo
1185 4681 1240 4732 situ
1249 4685 1305 4732 tam
1315 4681 1406 4733 obdu-

79 4757 231 4824 rammasse,
250 4769 288 4824 ui,
309 4768 333 4818 si
349 4767 428 4832 glans
448 4765 609 4827 lerveiieret‚
631 4768 746 4818 interius
758 4765 903 4832 plumbum
921 4763 1098 4830 liquefactum
1111 4765 1266 4831 proflueret,
1287 4771 1407 4820 exterius

79 4845 262 4902 autemcrostae
275 4853 364 4904 instar
373 4853 474 4905 durum
485 4855 647 4905 remaneret.
668 4852 743 4904 idem
754 4852 833 4918 piane
846 4851 1024 4903 feuardentio
1034 4852 1192 4904 venditores
1206 4853 1403 4918 indicaverant,

84 4995 263 5016 Ἢ

141 5107 160 5166 ij
179 5105 215 5160 87.
229 5110 327 5164 Caesar
344 5111 372 5163 b.
389 5113 441 5163 civ.
457 5113 467 5162 i
482 5115 525 5161 iti:
558 5113 586 5163 id
604 5114 726 5176 oppidum
741 5111 880 5176 (Asculum
894 5111 1034 5174 Picenum)
1048 5111 1174 5162 Lentulus
1187 5112 1310 5175 Spinther
1321 5115 1409 5165 888887

87 5186 208 5243 cohortibus
224 5200 331 5250 78887787.

142 5277 163 5338 ²)
181 5278 261 5333 Etiam
278 5289 374 5351 postea
393 5297 473 5350 quam
493 5284 565 5336 hauc
580 5285 681 5334 seriem
700 5285 740 5335 sic
759 5283 951 5352 explicandam
964 5297 1024 5336 ease
1043 5285 1202 5346 monstravi,
1223 5283 1410 5347 Desjcrdinius

88 5357 230 5427 sibergiiug
241 5371 267 5420 78
280 5373 338 5423 8878
353 5369 625 5435 7878888878778877888
637 5371 716 5421 miris
735 5368 956 5437 perseverabant.

1168 5473 1207 5523 ’μ
