3466 5926
773 1849 822 1918 11.

446 2017 749 2108 GLANDES
789 2017 1156 2110 ASCVLANAE

536 2195 593 2267 m
619 2195 840 2280 nuniovun
867 2195 1065 2276 neuma.

118 2339 298 2504 Glandes
322 2438 485 2496 Ascmams
507 2439 618 2507 primns
640 2439 731 2496 edidit
752 2456 827 2498 anno
854 2444 934 2497 1803
959 2439 1044 2496 lanus
1067 2439 1222 2506 Gruterus,
1256 2439 1410 2511 Lipsianis,
1441 2444 1473 2494 ut

116 2543 230 2612 opinor,
260 2541 443 2614 apographis
456 2556 544 2609 usus;
571 2545 675 2600 melius
690 2543 802 2614 Lipsius
821 2545 885 2615 ipse
899 2541 1060 2615 publicavit
1073 2555 1149 2598 anno
1169 2545 1249 2598 taos
1265 2541 1473 2598 Poliorceticon

116 2647 198 2700 tertia
222 2645 360 2702 editione
382 2642 459 2701 libro
483 2643 518 2700 lv
539 2660 567 2702 o.
588 2651 616 2714 3,
642 2645 694 2702 ubi
715 2631 853 2717 ‘aliquct,
883 2647 992 2717 inquit,
1019 2659 1115 2718 nuper
1136 2649 1270 2715 repertae
1291 2650 1359 2701 sunt
1380 2661 1472 2716 prope

117 2747 257 2804 Asculum
280 2751 314 2804 in
338 2745 458 2803 llumine
471 2733 601 2805 Triunto’
626 2741 713 2823 [corr.
732 2743 885 2821 Truento].
933 2747 1030 2805 Paullo
1052 2752 1119 2819 post
1135 2748 1276 2818 Georgius
1299 2747 1474 2804 Gualtherus

117 2851 146 2904 in
176 2838 307 2906 ‘Siciliae
339 2853 475 2922 antiquae
503 2835 622 2907 Tabula²
643 2853 748 2908 iterum
780 2851 856 2908 edita
883 2851 1032 2908 Messanae
1063 2853 1143 2908 tuat
1174 2851 1222 2906 vel
1252 2855 1331 2909 istd
1363 2866 1471 2908 comm.

118 2969 148 3024 p.
168 2959 207 3011 26
239 2949 344 3028 (editio
359 2957 462 3024 prima,
488 2955 572 3010 cuius
594 2960 660 3011 nota
684 2954 859 3026 exemplaria
881 2953 963 3010 titulo
978 2959 1087 3020 carent,
1113 2953 1149 3009 ad
1172 2953 1246 3010 baec
1261 2969 1319 3010 non
1342 2956 1472 3026 inspecta

117 3051 184 3130 esti,
211 3063 294 3113 teste
311 3055 480 3114 Sebastiano
495 3055 730 3114 Andreantonelli
745 3057 889 3115 Asculano
911 3059 940 3112 in
955 3071 1040 3113 amne
1063 3055 1269 3113 castellani
1292 3063 1390 3114 erutas
1409 3073 1474 3114 esse

118 3159 248 3230 tradidit,
281 3161 344 3231 ipse
365 3159 519 3216 nonnullas
534 3159 606 3216 vidit
619 3161 727 3218 llomae
749 3160 827 3232 apud
843 3160 1050 3217 Lancellottum
1066 3159 1104 3216 de
1118 3159 1299 3216 Lancellottis
1320 3162 1473 3230 patricium

119 3261 314 3320 Aeculanum.
355 3261 435 3318 Idem
450 3261 720 3320 Andreantonellius
739 3239 972 3338 (idol-toto)
992 3263 1133 3319 Historiae
1149 3261 1311 3319 Asculacae
1326 3262 1374 3318 ed.
1393 3265 1472 3320 1673

118 3382 148 3436 p.
166 3370 205 3423 13
217 3351 400 3433 ‘Glandium,
419 3367 522 3438 inquit,
542 3381 619 3437 quae
635 3381 652 3421 e
668 3365 764 3422 lundis
779 3364 940 3436 vibrantur,
961 3365 1090 3436 quotidie
1105 3363 1233 3422 infinitus
1247 3381 1323 3436 pene
1335 3380 1475 3423 numerus

119 3467 218 3526 Asculi
241 3453 411 3540 reperitur',
443 3469 662 3538 inscriptionem
677 3475 774 3526 umen
796 3469 967 3526 memoravit
988 3467 1108 3524 nullam.
1156 3469 1305 3536 lliuicius,
1336 3469 1387 3538 qui
1409 3469 1474 3540 plue

121 3574 219 3628 minus
243 3571 387 3628 tredecim
410 3569 501 3627 edidit
521 3570 642 3640 glandes
656 3569 816 3628 Asculanas
838 3573 977 3642 genuinas
997 3563 1079 3647 (sulla
1095 3572 1207 3628 euticiae
1220 3571 1345 3643 gitanda
1358 3572 1470 3642 missili,

125 3667 367 3750 1889-1816),
402 3688 451 3730 eas
481 3688 606 3744 quarum
634 3675 775 3745 originem
797 3673 935 3732 indicavit
963 3675 1049 3746 lungo
1083 3665 1142 3748 (aut
1161 3665 1269 3750 masao)
1297 3675 1324 3730 le
1344 3677 1406 3749 ripe
1427 3675 1474 3731 dcl

124 3777 229 3834 lionto
253 3781 388 3848 repertas
411 3791 476 3832 esse
498 3775 569 3832 dixit
596 3770 633 3852 (p.
655 3781 729 3834 203.
754 3781 826 3834 tot.
852 3781 925 3836 113.
953 3769 1039 3851 2t6);
1069 3775 1120 3832 sed
1149 3790 1183 3834 ea
1206 3775 1312 3844 verba,
1339 3778 1401 3833 iere
1423 3793 1474 3834 re-

120 3883 211 3952 petita
235 3896 274 3936 en
288 3881 385 3951 lipsio
412 3871 460 3954 (ct.
479 3878 562 3934 adn.
584 3882 632 3946 16,
653 3872 675 3954 1)
704 3880 751 3934 vix
766 3879 849 3936 aliter
864 3877 1034 3948 accipienda
1050 3883 1136 3935 erunt
1150 3881 1206 3934 nisi
1220 3894 1313 3950 prope
1334 3877 1472 3936 Asculum

122 3987 259 4040 inventas
282 3997 363 4050 esse;
389 3997 472 4050 nam,
503 3985 537 4036 ut
558 3981 631 4036 inira
653 3978 833 4050 videbimus,
860 3983 889 4037 in
907 3982 1034 4038 Truento
1056 3982 1103 4037 vel
1130 3983 1193 4037 eius
1216 3985 1278 4051 ripa
1308 3982 1473 4039 rarissimae

123 4089 243 4144 omnino
266 4085 387 4158 glandes
408 4085 608 4155 reperiuntur,
641 4083 678 4140 de
701 4085 839 4156 inscripta
862 4089 960 4140 autem
983 4089 1095 4141 constat
1118 4083 1204 4154 plane
1226 4084 1315 4140 nialla.

209 4188 302 4244 Annis
321 4189 401 4242 1811
419 4189 448 4241 et
466 4189 545 4242 1875
563 4201 630 4242 cum
652 4187 754 4257 ingens
777 4186 924 4258 glandium
947 4188 1151 4259 inscriptarum
1167 4185 1274 4243 Asculo
1293 4189 1475 4258 provenisset

124 4305 266 4348 numerus
295 4285 371 4364 (nam
391 4288 507 4344 blinicio
529 4288 578 4343 vix
601 4289 725 4359 amplius
739 4289 825 4345 XXX
845 4291 1045 4358 innotuerant,
1071 4304 1195 4360 quarum
1217 4295 1325 4358 tamen,
1351 4296 1383 4346 ut
1406 4307 1432 4347 s.
1451 4293 1470 4347 l.

124 4393 255 4462 docebo,
289 4394 351 4448 iere
381 4389 499 4446 dimidia
529 4406 597 4461 pars
625 4392 696 4448 laisa
727 4385 796 4469 est),
829 4395 892 4462 ipse
919 4393 1097 4450 Mommseno
1127 4398 1245 4450 auctore
1275 4392 1313 4448 ab
1342 4395 1474 4452 instituto

125 4497 347 4568 archaeologico
364 4511 391 4549 a.
414 4497 493 4551 l8'l'l
509 4492 648 4550 Asculum
669 4497 776 4552 missus
797 4511 856 4552 una
872 4511 938 4553 cum
954 4497 1026 4553 lulio
1043 4495 1182 4552 Gabrielli
1196 4493 1352 4564 Asculano,
1373 4513 1473 4556 museo

124 4601 275 4670 praelecto
298 4605 327 4654 et
348 4597 453 4653 harum
475 4611 573 4653 rerum
596 4599 626 4654 in
647 4599 748 4670 primis
763 4614 863 4670 gnaro,
882 4599 953 4669 quid
970 4600 1013 4654 rei
1037 4604 1114 4655 esset
1135 4599 1283 4670 inquisivi.
1316 4601 1474 4657 Inveniun-

126 4709 173 4759 tur
188 4705 275 4775 igitur
289 4700 411 4772 glandes
425 4701 548 4756 maxime
564 4701 594 4756 in
609 4701 771 4770 Castellani,
791 4704 841 4772 qui
856 4701 995 4758 Asculum
1011 4702 1162 4758 meridiem
1177 4717 1280 4757 versus
1300 4703 1372 4771 ripis
1386 4718 1474 4774 prae-

126 4809 219 4877 ruptis
242 4813 271 4862 et
292 4818 387 4875 usque
410 4803 446 4858 ad
468 4803 517 4859 XL
541 4809 631 4859 metra
658 4805 722 4860 altis
750 4805 932 4875 praeterfluit
962 4810 991 4860 et
1021 4807 1049 4860 in
1079 4804 1177 4876 oppidi
1207 4805 1312 4876 angulo
1342 4806 1475 4862 orientali

126 4908 251 4966 Trueuto
281 4909 435 4976 miscetur,
463 4907 545 4963 alveo
568 4909 635 4974 imo,
663 4909 714 4978 qui
736 4923 772 4962 cx
794 4908 853 4965 tolo
875 4910 942 4964 vivo
973 4915 1094 4965 constat.
1144 4907 1270 4965 Glandes
1293 4922 1328 4962 ex
1351 4907 1474 4965 declivi-

126 5010 182 5067 bus
204 5013 280 5083 agris
300 5011 404 5067 vicinis
426 5007 563 5065 imbrium
577 5012 608 5066 vi
623 5009 792 5081 deportatae
814 5013 844 5065 in
859 5008 968 5067 flumen
991 5013 1021 5066 iu
1044 5012 1166 5082 eiusque
1181 5010 1303 5066 lundum
1326 5011 1474 5082 paullatim

128 5113 278 5172 devolutae
301 5118 330 5171 in
358 5115 408 5173 toli
431 5113 555 5172 sinubus
584 5114 726 5185 plicisque
756 5113 899 5171 siderum.
947 5113 990 5171 lbi
1013 5129 1068 5171 nos
1090 5130 1118 5169 a.
1145 5117 1226 5171 1877
1249 5114 1337 5169 trium
1360 5113 1475 5170 dierum

134 5211 322 5291 [11.11.11
347 5211 441 5292 Sept.)
470 5219 689 5288 investigatione
718 5218 846 5274 eruimus
875 5217 996 5290 glandes
1019 5215 1223 5285 CCXXXVlll,
1248 5231 1373 5287 quarum
1394 5215 1474 5272 solae

131 5319 204 5377 duae
230 5317 268 5398 (n.
298 5327 333 5379 11)
364 5328 395 5378 et
430 5313 477 5394 18)
512 5322 733 5391 inscriptiones,
771 5324 907 5390 quattuor
936 5321 997 5376 iere
1026 5323 1138 5376 incerta
1165 5319 1326 5374 litterarum
1355 5320 1474 5389 vestigia
