3402 5924
303 533 374 604 142
803 543 959 594 4444444444
979 543 1136 596 8444444444.

313 736 457 786 luterell
526 731 576 786 64¹
777 734 920 785 6444444444
989 729 1041 784 66*
1243 733 1388 783 4444444444
1460 727 1516 782 ffl’

415 824 464 870 666
480 841 510 864 =
525 825 573 870 667
879 823 928 868 666
943 839 975 861 -·-·
989 821 1038 869 666
1343 821 1394 868 666
1408 837 1442 860 =
1456 821 1510 867 667

415 893 464 940 633
480 910 511 933 ==
525 892 573 938 666
880 891 924 938 664
943 907 975 930 =
990 890 1038 936 663
1344 890 1393 936 666
1410 907 1442 928 =
1456 889 1511 936 666

416 961 464 1007 666
479 978 510 1000 =
526 960 598 1008 6664
880 959 929 1006 666
943 975 974 998 =
989 959 1038 1006 666
1345 959 1394 1005 666
1409 975 1442 998 =
1457 958 1512 1004 666

415 1029 461 1076 664
479 1047 511 1070 =
526 1030 569 1076 664
880 1028 929 1074 663
943 1045 975 1067 =
990 1027 1034 1074 664
1345 1027 1395 1074 666
1410 1044 1442 1066 =
1458 1027 1510 1072 666

415 1099 464 1145 666
479 1115 510 1138 =
525 1099 574 1145 666
881 1095 928 1142 666
944 1113 976 1135 --
990 1097 1062 1143 dbia
1344 1096 1395 1142 666
1409 1112 1442 1134 =
1457 1095 1508 1140 666

415 1167 464 1212 666
479 1183 511 1206 =
525 1167 574 1212 663
881 1166 930 1212 666
944 1183 976 1204 =
990 1165 1040 1211 666
1344 1165 1394 1210 667
1409 1181 1442 1203 =
1457 1164 1510 1208 666

416 1234 464 1282 666
479 1253 510 1275 =
525 1234 573 1282 666
879 1233 930 1280 666
944 1251 975 1273 =
991 1234 1062 1281 6668
1344 1235 1395 1280 666
1410 1250 1443 1272 =
1458 1233 1536 1278 66644

415 1304 465 1352 666
479 1323 511 1344 =
526 1304 598 1351 66644
881 1303 928 1348 667
943 1319 975 1342 =
990 1301 1059 1350 6666
1203 1304 1206 1350 Ι
1346 1301 1396 1348 663
1409 1318 1443 1340 =
1457 1301 1510 1346 663

416 1372 465 1418 666
479 1391 510 1412 =
525 1371 595 1420 6666
879 1371 929 1422 666
945 1388 976 1410 ==
991 1371 1038 1417 663
1344 1371 1395 1416 676
1410 1388 1443 1409 =
1457 1369 1510 1415 666

415 1441 464 1488 667
479 1458 511 1480 =
526 1440 574 1488 666
881 1439 930 1486 669
944 1457 976 1480 .-.·
991 1439 1038 1485 666
1345 1440 1392 1485 674
1411 1456 1443 1478 =
1458 1439 1510 1485 666

416 1509 465 1556 666
480 1527 511 1550 --
526 1509 574 1556 666
880 1507 930 1554 666
944 1525 977 1548 .-.-.
991 1508 1039 1554 666
1203 1511 1206 1628 ⁵
1346 1509 1397 1554 676
1411 1525 1445 1548 ..-
1460 1508 1535 1555 culto

416 1579 464 1625 669
479 1596 510 1618 =
525 1578 573 1626 667
881 1577 927 1622 664
946 1595 977 1616 =
990 1578 1039 1624 666

724 2207 899 2282 Addenda
926 2221 962 2281 et
989 2209 1217 2302 Corrigenda.

302 2427 363 2480 pag.
379 2415 393 2462 4
413 2413 459 2463 lin.
474 2419 504 2463 44
524 2427 573 2480 pro
596 2413 670 2463 74444
688 2413 792 2464 scribo:
818 2413 877 2464 tho
897 2413 1068 2477 (Syracusist.

303 2513 363 2564 pag.
379 2501 392 2548 4
412 2499 507 2550 linis
526 2512 541 2549 4
560 2497 613 2549 fine
632 2511 682 2565 pro
701 2491 901 2549 ‘delineatione
928 2493 1012 2548 Politi'
1033 2497 1137 2548 scribe:
1157 2491 1347 2550 ‘delineatione
1366 2497 1517 2549 Salvatoris
1536 2491 1622 2548 Potiti.

303 2589 393 2650 pagssl
414 2586 461 2636 lin.
478 2589 509 2635 48
528 2599 543 2634 4
562 2583 616 2634 line
636 2597 685 2650 pro
706 2594 729 2646 8,
745 2605 779 2637 a·
804 2583 907 2636 scribe:
928 2587 953 2646 8,
968 2601 1006 2631 ιι
1676 2623 1677 2650 ,

303 2675 406 2736 pugni
430 2671 463 2721 ad
484 2684 510 2720 n.
527 2675 551 2730 4,
570 2666 601 2737 n]
623 2669 789 2721 Gnattbarns
814 2670 841 2720 in
866 2669 910 2720 ed.
932 2672 956 2732 4,
983 2681 1064 2732 qnam
1083 2681 1172 2734 nuper
1195 2669 1262 2720 mibi
1286 2671 1403 2735 inspexit
1421 2671 1589 2725 Dressclius‚
1606 2669 1636 2717 stc

339 2767 400 2810 44444
423 2767 517 2810 rotor.
544 2755 667 2820 exbibet,
697 2753 829 2806 lateribus
852 2755 963 2820 quidem
985 2767 1040 2805 non
1063 2753 1201 2806 distinctis
1224 2756 1273 2808 sed
1292 2756 1413 2807 nondum
1439 2755 1552 2807 inducta
1570 2757 1638 2804 inler-
1676 2745 1677 2814 ξ

338 2841 474 2907 potatione
498 2851 666 2896 4044444444.
713 2840 821 2892 subieci
845 2841 904 2906 ipsa
931 2840 990 2889 eius
1015 2838 1100 2890 verba
1125 2840 1260 2904 (Animad.
1280 2855 1306 2892 v.
1326 2856 1354 2908 p.
1370 2843 1430 2905 sel:
1456 2836 1579 2907 ‘glandes
1600 2837 1636 2888 ob
1676 2843 1677 2892 l

337 2927 443 2989 longae,
463 2924 590 2989 gibbosas
608 2926 635 2974 et
654 2923 709 2974 lere
722 2923 872 2984 trilaterae,
892 2922 971 2972 cuius
989 2921 1105 2973 formam
1118 2937 1145 2988 p.
1159 2929 1187 2974 84
1205 2922 1281 2993 [sunt
1293 2923 1425 2994 Graecae]
1443 2927 1634 2992 descripsimus.
1676 2895 1677 2974 i

337 3009 426 3062 Refert
443 3010 515 3075 lips.
535 3012 563 3060 in
582 3009 703 3072 Triunto,
725 3007 817 3059 Asculi
836 3006 935 3058 nobilis
955 3009 1070 3059 Picentis
1088 3008 1184 3072 Vrbis,
1209 3015 1235 3062 44
1258 3012 1427 3064 advenarum
1445 3015 1635 3064 amantissimae

338 3110 419 3147 amne
438 3097 577 3156 inventas,
605 3107 723 3161 quarum
741 3107 805 3162 pars
828 3095 871 3145 bis
895 3092 981 3145 literis
1005 3095 1133 3158 insignita
1160 3109 1294 3152 4418444414
1322 3109 1458 3154 renisus.
1492 3113 1555 3164 pars
1582 3108 1635 3150 4444
1676 3107 1677 3160 l

337 3199 370 3236 ac
388 3195 459 3240 Gau.
486 3184 600 3236 aliaest
619 3184 752 3235 bisnotts
771 3185 910 3235 exaratae:
937 3194 1013 3239 44444.
1039 3187 1065 3234 44
1083 3195 1147 3238 saut
1170 3194 1263 3239 40444.
1294 3185 1392 3248 idest,
1412 3185 1634 3250 Pompeianum

338 3285 369 3322 eo
387 3269 459 3322 bello
478 3269 575 3322 urbem
594 3271 766 3335 expugnavit.
804 3269 922 3320 Glandes
947 3269 1084 3320 interdum
1103 3273 1130 3321 44
1153 3269 1323 3334 proditorum
1343 3270 1403 3322 loco
1423 3269 1544 3321 4444444444.
1579 3269 1634 3318 llirt.
1676 3287 1677 3352 4

338 3357 366 3406 in
385 3357 461 3407 Caes.
484 3356 535 3408 bel.
558 3349 640 3420 liisp.’
661 3359 688 3406 et
705 3369 731 3419 q.
750 3367 773 3406 s.

304 3456 365 3508 pag.
380 3445 407 3490 44
432 3441 478 3494 lin.
492 3445 523 3491 84
543 3455 558 3492 a
576 3439 629 3492 flue
648 3455 698 3506 pro
717 3443 794 3491 Porta
812 3440 916 3492 scribe:
937 3443 968 3492 de
986 3443 1012 3491 ta
1031 3441 1115 3491 Porta.

303 3541 365 3593 pag.
381 3529 411 3576 tt
432 3525 479 3578 lin.
492 3531 524 3577 48
543 3529 605 3578 anta
620 3521 675 3578 ‘Ea'
697 3526 781 3577 adde:
803 3527 843 3577 Ab
856 3528 988 3578 bteestero
1001 3527 1035 3577 de
1047 3527 1191 3578 8444444444
1211 3525 1375 3590 descriptam
1395 3525 1522 3578 exhibuit
1534 3527 1635 3576 Scbnar-
1676 3511 1677 3530 ³

338 3613 547 3664 monseunaco
571 3615 617 3664 444
640 3615 815 3664 omnnem
839 3611 908 3664 o’art
925 3612 987 3662 vrn
1003 3613 1088 3674 (4444)
1108 3625 1136 3677 p.
1151 3615 1215 3664 aas:
1248 3623 1316 3666 ,4.44.
1347 3603 1403 3684 (aut
1433 3603 1516 3685 .x.r.]
1550 3613 1633 3662 omisso

337 3697 461 3749 fulmine.
1676 3697 1677 3704 ¹

305 3797 363 3850 pag.
378 3787 409 3834 48
429 3783 463 3834 ad
482 3798 499 3834 a
516 3782 599 3834 adde:
620 3781 655 3836 44.
672 3797 699 3849 p.
719 3782 808 3834 XXX.
1676 3827 1677 3832 ,

304 3881 364 3935 pag.
386 3871 416 3919 48
436 3869 483 3918 lin.
505 3872 533 3918 44
562 3867 653 3920 atine
671 3865 776 3934 pro‘in
799 3868 864 3919 sotis
881 3895 916 3905 —
934 3861 1027 3919 exstat'
1056 3867 1160 3918 scribe:
1187 3863 1226 3917 ‘in
1256 3865 1330 3918 nulla
1357 3866 1411 3917 alia
1439 3867 1539 3932 glande
1564 3871 1635 3919 Ascu-

341 3955 402 4005 lana
422 3947 526 4004 exstat’.

304 4052 365 4105 pag.
382 4041 412 4089 44
432 4038 480 4089 lin.
496 4043 509 4088 4
529 4052 578 4104 pro
598 4043 622 4098 s.
639 4043 671 4092 844
690 4039 795 4090 scribe:
817 4042 859 4100 94,
875 4042 918 4090 84.

303 4138 364 4191 pag.
380 4127 411 4174 84
431 4124 478 4175 lin.
493 4129 519 4174 44
542 4128 618 4189 prot
639 4123 743 4175 scribe:
766 4129 780 4174 8
799 4125 827 4175 44
844 4123 892 4175 lin.
909 4127 940 4174 48
958 4127 1036 4190 pros
1055 4121 1160 4174 scribe:
1182 4127 1207 4178 4.

302 4223 365 4277 pag.
380 4212 411 4260 54
430 4210 478 4260 lin.
500 4213 513 4257 4
534 4223 549 4260 a
568 4207 621 4260 fine
640 4223 689 4272 pro
709 4211 758 4259 444
777 4210 882 4260 scribe:
905 4213 964 4260 448.
1676 4273 1677 4280 ¹

302 4311 363 4362 pag.
380 4295 421 4360 84]
443 4294 573 4347 Glandem
592 4309 618 4345 n.
631 4291 677 4354 66,
692 4298 716 4356 4,
737 4307 820 4359 qnam
834 4295 992 4345 Perusinum
1010 4307 1070 4345 esse
1088 4295 1202 4355 conieci,
1217 4294 1401 4346 Mommsenus
1420 4295 1447 4345 in
1467 4296 1549 4360 corp.
1566 4297 1632 4345 444444.
1676 4319 1677 4326 .

337 4383 394 4433 Lat.
414 4383 437 4432 V
456 4396 483 4435 n.
500 4379 591 4444 44444,
610 4380 657 4431 ubi
676 4394 709 4430 ex
728 4379 867 4432 lluebneri
888 4385 915 4432 et
934 4380 1074 4444 (aversam)
1099 4393 1131 4431 ex
1150 4379 1250 4430 4444444
1273 4380 1389 4432 lectione
1408 4381 1546 4442 exhibuit,
1570 4379 1633 4444 Aqui·

339 4467 406 4518 44444
426 4471 560 4532 repertam
578 4479 637 4517 esse
656 4469 730 4516 recte
749 4467 865 4530 negavit.
1676 4451 1677 4512 ἲ

305 4565 363 4617 pag.
379 4556 406 4602 84
432 4553 478 4603 lin.
495 4556 508 4601 4
528 4564 577 4616 pro
591 4544 760 4615 ‘litarobinsl
780 4552 853 4616 apud
871 4546 970 4602 ltiuic?
992 4551 1098 4602 scribe:
1114 4542 1271 4602 ‘Minicius’.
1676 4563 1677 4608 4

305 4651 364 4702 pag.
376 4641 408 4687 49
429 4638 475 4687 lin.
497 4641 507 4686 4
530 4650 580 4702 pro
599 4637 622 4686 V
640 4636 745 4687 scribe:
766 4638 811 4687 VI.
1676 4617 1677 4690 i

306 4737 365 4787 pag.
382 4727 413 4774 84
433 4723 480 4774 liu.
502 4727 516 4772 9
535 4737 584 4788 pro
603 4734 685 4778 suov
709 4723 812 4774 scribe:
836 4730 925 4775 444044.

304 4821 366 4874 pag.
382 4811 413 4858 88
432 4807 466 4858 ad
486 4821 513 4856 n.
534 4811 617 4870 lll‚¹
635 4809 720 4860 adde:
742 4807 776 4858 ci.
792 4822 820 4872 p.
837 4806 924 4858 XXX.

305 4907 367 4959 pag.
382 4897 413 4944 88
434 4893 480 4943 lin.
503 4897 516 4942 4
535 4906 551 4942 a
569 4891 623 4944 tine
641 4907 691 4959 pro
709 4893 789 4957 lenito)
811 4891 917 4943 scribe:
939 4893 1029 4957 teoto).

305 4994 364 5046 pag.
381 4982 429 5028 448
448 4993 475 5028 n.
491 4976 559 5029 ola*
577 4979 679 5030 scribe:
702 4989 780 5030 nrt-s
799 4979 918 5043 [punctis
936 4977 1048 5039 dubiis).

306 5077 365 5130 pag.
385 5068 432 5114 444
452 5063 487 5114 ad
504 5076 532 5114 n.
553 5060 603 5112 lt*
621 5060 669 5112 lin.
687 5061 808 5128 paenult.
829 5075 878 5126 pro
893 5055 935 5112 ‘et'
955 5062 1058 5112 scribe:
1077 5054 1150 5112 ‘ant'.

304 5161 369 5214 pag.
384 5153 432 5200 tau
447 5149 494 5199 lin.
509 5151 540 5197 44
552 5147 587 5198 ad
601 5140 731 5210 ι44444444,
746 5147 816 5199 male
830 5141 936 5198 lectum’
952 5159 1012 5212 sqq.
1027 5147 1112 5198 adde:
1127 5147 1165 5198 De
1178 5147 1229 5199 hac
1243 5149 1421 5213 inscriptione
1434 5150 1554 5214 legenda
1566 5158 1633 5212 quon·

340 5239 398 5286 tum
422 5233 576 5286 dubitatum
596 5235 645 5294 sit,
671 5233 706 5284 ad
725 5247 751 5284 n.
765 5228 801 5284 36
823 5233 959 5284 adnotavi.
997 5235 1026 5284 ln
1045 5233 1194 5298 Bergkiena
1211 5229 1317 5284 Wltt
1347 5248 1401 5285 non
1426 5239 1537 5297 opterno
1559 5233 1633 5286 eistat.
