3402 5924
572 585 729 638 7777777
748 587 902 638 sarman.
1359 572 1407 646 89

57 779 103 828 Eas
114 779 150 828 sic
167 777 390 844 interpretandas
410 792 487 840 esse,
509 791 542 829 ex
554 779 612 842 ipsa
630 779 699 828 serie
710 779 862 841 composita
880 775 960 828 iacile
978 781 1059 842 petet.
1098 777 1130 826 At
1149 777 1214 842 legio
1228 777 1317 828 XVlll
1328 779 1407 842 7777777

57 863 123 914 nulla
139 877 263 928 umquam
284 863 345 924 init,
368 867 515 916 exstitisse
533 869 625 916 autem
645 867 710 914 tunc
727 863 850 928 quidem,
871 876 934 914 cum
953 863 1003 914 bae
1016 862 1126 928 glandes
1144 867 1340 928 provenerunt,
1360 877 1408 930 per

56 964 164 1002 errorem
186 949 337 1016 putabatur
365 951 406 1002 ob
433 951 531 1002 titulos
557 949 691 1015 quosdam
715 950 786 1000 male
811 949 895 1000 lectos
922 949 993 1011 (vide
1016 949 1050 999 ad
1069 963 1096 1000 n.
1112 947 1181 1010 Μ’).
1217 949 1320 1000 Deinde
1343 963 1406 1002 cum

58 1037 123 1086 nulla
145 1041 230 1087 certae
249 1039 350 1088 aetatis
376 1039 504 1102 genuina
523 1037 599 1102 glans
617 1037 747 1102 inscripta
766 1038 867 1096 exstet,
893 1049 964 1100 quae
980 1037 1117 1100 posterior
1135 1036 1170 1086 sit
1188 1035 1259 1086 bello
1280 1035 1410 1086 Perusino

59 1125 87 1182 (a.
101 1121 195 1186 777777,
214 1123 260 1172 bic
278 1127 443 1174 occurrunt
462 1124 532 1188 legio
548 1123 627 1174 XXX
643 1121 718 1188 leia
736 1123 836 1172 victrix
856 1122 890 1183 77.
907 1119 964 1183 777)
984 1121 1127 1172 77777777
1145 1127 1172 1172 77
1190 1121 1259 1185 legio
1274 1123 1294 1172 ll
1315 1121 1405 1172 italica

60 1209 92 1266 (n.
105 1207 143 1257 i'.
162 1209 199 1270 δ’)
218 1223 234 1259 a
250 1209 287 1259 M.
302 1209 424 1260 Aurelio
444 1210 584 1260 institutae
602 1211 629 1259 et
652 1208 795 1271 agnomina
809 1200 866 1271 ‘pia
884 1201 953 1257 ielix’
976 1207 1012 1269 (n.
1034 1205 1076 1269 θ’)
1097 1221 1150 1258 non
1176 1207 1266 1258 minus
1290 1211 1407 1258 77777777

52 1293 124 1358 longe
144 1295 324 1358 posteriorem
349 1295 513 1360 prodentia.
551 1294 681 1358 Legiones
698 1294 731 1342 vl
750 1291 847 1343 ierrata
872 1295 899 1342 et
918 1293 966 1342 lili
985 1290 1033 1343 iul.
1052 1293 1119 1343 satis
1142 1294 1269 1356 77777777
1294 1293 1405 1358 quidem

53 1383 118 1441 sunt,
137 1380 180 1431 illa
198 1381 255 1431 eive
273 1380 310 1432 ab
330 1381 457 1434 Antonio
475 1385 534 1433 sive
551 1381 586 1432 ab
605 1383 726 1445 Augusto
744 1381 869 1432 instituta
883 1381 919 1443 (v.
935 1379 1142 1442 Mommsenum,
1164 1393 1208 1432 res
1226 1393 1251 1444 g.
1267 1380 1322 1430 divi
1336 1381 1403 1444 Aug.

54 1465 121 1515 777
137 1479 163 1531 p.
176 1471 206 1516 77
225 1469 310 1532 sqq.)‚
331 1469 407 1519 baec
432 1469 584 1534 posteriore
603 1469 715 1532 Augusti
732 1469 819 1518 aetate
844 1468 881 1517 ita
904 1467 1093 1529 cognominata
1108 1465 1142 1528 (v.
1163 1465 1321 1516 llanzeuum
1336 1467 1404 1518 777777.

53 1552 257 1605 redimamur
275 1567 305 1619 p.
319 1558 372 1602 777
387 1556 475 1620 eqni,
496 1555 544 1606 sed
563 1555 707 1620 agnomina
727 1557 781 1605 tam
802 1553 885 1603 multa
899 1553 925 1602 in
939 1553 1035 1617 paucis
1054 1551 1276 1617 inscriptionibus
1294 1551 1406 1602 omnino

54 1639 125 1689 77777
143 1643 269 1704 suspecta
288 1646 365 1704 sunt,
391 1655 458 1692 cum
476 1653 558 1692 usum
576 1655 671 1692 eorum
689 1642 850 1692 sollemnem
869 1640 897 1690 in
916 1639 1001 1690 titulis
1019 1639 1168 1704 posteriore
1187 1637 1299 1688 demum
1318 1639 1405 1688 aetate

54 1725 190 1777 ini-aluisse
202 1731 320 1778 constet.
341 1753 382 1765 -
399 1729 463 1780 Non
476 1729 568 1780 minus
580 1727 748 1780 diidcnltatis
766 1727 858 1786 babet,
878 1726 952 1790 quod
965 1739 1013 1776 eas
1031 1726 1152 1788 legiones
1166 1725 1194 1774 in
1208 1725 1308 1774 Piceno
1321 1723 1404 1776 luisse

54 1810 158 1874 glandes
172 1815 319 1875 testantur,
335 1817 444 1881 quiippe
456 1827 527 1880 quae
540 1817 652 1879 excepta
672 1827 699 1865 n.
715 1811 757 1874 7*,
777 1813 812 1864 77
831 1815 910 1863 culus
923 1813 999 1876 origo
1017 1815 1130 1871 7777777,
1150 1823 1247 1862 omnes
1265 1811 1293 1860 in
1307 1812 1405 1862 Piceno

55 1899 107 1947 sire
127 1899 218 1956 7777*
237 1903 265 1950 77
283 1900 346 1964 w)
376 1904 406 1953 in
432 1903 543 1966 ragione
561 1901 693 1966 liprutlna
717 1905 841 1966 repertae
865 1911 924 1950 esse
948 1899 1083 1950 dicantur.
1119 1897 1150 1948 ld
1172 1899 1247 1948 enim
1271 1895 1305 1947 de
1330 1895 1405 1947 nulla

54 1996 139 2033 aarum
156 1984 296 2050 legionum
316 1991 495 2053 compertum
513 1986 656 2049 babemus,
677 1986 797 2051 legiones
815 1987 838 2035 ll
857 1985 949 2036 ltalica
968 1987 995 2034 et
1012 1983 1088 2035 XXX
1106 1983 1138 2034 V.
1152 1997 1178 2033 v.
1193 1995 1248 2034 non
1266 1996 1347 2048 posse
1367 1982 1403 2032 ibi

55 2070 187 2121 stationem
206 2071 340 2125 babuisse
359 2078 411 2125 aut
428 2074 498 2124 adeo
517 2073 618 2123 bellum
638 2073 754 2136 gessisse
772 2075 847 2122 certo
866 2073 977 2122 scimus.
1015 2069 1120 2120 libelli
1140 2069 1248 2120 socialia
1270 2072 1403 2134 tempore,

57 2156 125 2216 quod
142 2155 189 2206 bas
213 2158 330 2221 glandes
356 2159 448 2210 iorma
470 2157 576 2224 plumbi
602 2161 628 2209 et
646 2158 742 2208 litteris
766 2157 896 2208 simulare
921 2160 1009 2220 patet,
1032 2155 1112 2221 plane
1137 2154 1286 2206 abhorrere
1312 2155 1403 2204 omnia

58 2239 117 2291 baec
135 2241 271 2306 legionum
292 2247 413 2296 nomina
431 2243 605 2296 manifestum
625 2247 674 2295 est.
694 2271 728 2280 -
748 2243 860 2294 liestant
884 2243 1075 2308 inscriptiones
1093 2241 1157 2292 bae:
1192 2243 1281 2304 llepio)
1298 2241 1404 2300 uotu(n-

57 2331 184 2390 7777777777
209 2345 235 2380 n.
257 2329 302 2392 7¹,
331 2333 425 2396 Magio)
448 2333 484 2382 Vl
503 2331 735 2392 collectariorum)
760 2343 787 2380 7.
809 2328 851 2392 7*,
877 2329 1007 2390 ostitiarii
1032 2341 1059 2378 n.
1080 2328 1139 2389 77*,
1169 2327 1286 2386 7777777777
1312 2339 1337 2376 n.
1361 2325 1401 2384 8⁸,

61 2412 124 2461 lior.
142 2415 189 2466 777.
206 2417 250 2476 777
269 2419 391 2470 Martem
410 2419 532 2468 vitorem
551 2416 703 2479 relerenda)
723 2431 750 2467 n.
766 2413 824 2478 77*,
843 2419 912 2466 nasi
933 2417 1084 2478 (7777777777)
1102 2427 1130 2464 7.
1150 2413 1208 2476 777,
1232 2414 1403 2476 7777777777)

62 2515 85 2549 n.
101 2502 155 2562 tlt,
173 2501 308 2570 77777777]
328 2504 455 2556 Etruscis
473 2503 568 2554 litteris
581 2504 682 2568 scripta
695 2516 722 2553 n.
738 2501 796 2552 777.
832 2501 933 2552 Earum
945 2515 1055 2566 qnoque
1066 2499 1139 2550 nulla
1158 2501 1186 2550 in
1199 2502 1233 2550 iis
1245 2499 1400 2563 glandibus,

58 2585 89 2635 de
105 2601 215 2650 quarum
234 2591 399 2641 sinceritate
417 2592 538 2652 constat,
557 2592 665 2654 reperta
683 2592 741 2648 est,
761 2591 901 2654 praeterea
920 2601 946 2638 n.
962 2583 995 2636 7*
1013 2589 1040 2637 77
1057 2599 1083 2636 n.
1100 2582 1133 2636 8*
1150 2587 1250 2636 unicae
1268 2584 1401 2646 legionem

60 2673 262 2725 voluntariorum
286 2676 366 2741 apud
385 2676 516 2727 Asculum
539 2677 683 2736 testentur,
710 2689 736 2725 n.
758 2674 807 2724 77*
830 2675 912 2726 unica
936 2674 1007 2723 inter
1031 2674 1141 2724 Latinas
1163 2672 1246 2722 deum
1271 2673 1404 2720 memoret

59 2758 130 2820 (quae
153 2761 340 2814 Mommsenus
367 2761 472 2826 Corp.l
497 2761 532 2812 ad
556 2775 584 2813 n.
599 2764 649 2812 777
669 2763 695 2812 77
713 2764 763 2811 eae
788 2759 915 2821 monuit),
940 2759 1061 2824 reliquae
1084 2758 1275 2822 inscriptiones
1297 2758 1404 2808 etiamsi

60 2858 104 2908 per
120 2859 147 2896 se
163 2849 332 2913 suspicionis
351 2848 485 2899 indicium
505 2861 556 2898 non
575 2847 733 2913 praebeant,
757 2845 859 2898 iraudis
878 2846 942 2897 inde
960 2847 1168 2906 convincuntur,
1188 2842 1273 2908 quod,
1293 2843 1324 2892 ut
1336 2841 1401 2902 dixi,

61 2937 162 2982 7777777
186 2935 278 2986 777777
303 2935 422 2986 eandem
446 2937 528 2998 atque
551 2935 658 2984 ceterae
682 2932 820 2984 officinam
843 2932 972 2999 produnt.
1010 2934 1039 2982 ln
1059 2945 1085 2980 n.
1103 2929 1142 2980 7*.
1165 2927 1222 2981 777
1244 2927 1293 2979 77*
1311 2931 1402 2980 777777

60 3018 186 3068 accedunt
201 3023 313 3086 pmpria
334 3021 469 3085 quaedam
488 3018 611 3070 7777777777
631 3019 731 3070 7777777
749 3033 791 3081 ea,
811 3032 881 3083 quae
899 3031 981 3084 supra
999 3015 1158 3081 significavi.

124 3106 159 3154 lle
182 3106 281 3157 barum
304 3106 445 3170 glandium
468 3107 572 3169 origine
592 3107 722 3170 variaque
747 3104 855 3155 7777777
873 3103 1009 3154 aderanda
1027 3107 1091 3154 sunt
1114 3103 1191 3152 baec.
1229 3101 1269 3152 Ex
1287 3101 1402 3166 epistula

61 3189 188 3253 Borghesii
206 3192 275 3242 inira
301 3192 440 3244 laudanda
466 3194 568 3243 scimus
595 3204 623 3242 n.
638 3190 680 3242 ti.
701 3189 743 3242 5⁴¹.
764 3189 806 3241 777.
827 3188 866 3240 ti.
887 3189 945 3240 777,
965 3188 1024 3240 777.
1046 3187 1104 3240 777.
1126 3187 1402 3239 luciacensium

61 3289 146 3327 mense
163 3277 230 3328 lulio
248 3280 319 3328 anni
337 3281 418 3342 7777;
444 3276 592 3328 labrioatas
617 3289 678 3328 esse
696 3277 754 3326 veri
779 3275 868 3327 simile
886 3279 926 3326 777
950 3274 1042 3341 paullo
1059 3277 1140 3324 antea
1158 3273 1194 3324 ad
1212 3272 1402 3338 decipiendum

61 3359 165 3413 tortasse
184 3363 346 3426 Minicium,
374 3365 422 3428 qui
449 3363 495 3414 illo
523 3367 646 3428 tempore
673 3362 784 3426 glandes
810 3361 1004 3426 undecumque
1030 3359 1157 3424 colligere
1183 3361 1329 3425 coepisset.
1373 3359 1401 3409 ln

63 3459 177 3498 muscum
194 3451 406 3501 liircherianum
433 3449 529 3500 inlatas
553 3461 613 3499 esse
637 3449 709 3498 inter
732 3461 757 3499 7.
774 3450 839 3496 7877
859 3449 886 3498 77
904 3449 970 3496 7877
995 3445 1058 3496 7777
1076 3445 1168 3508 colligi
1191 3444 1269 3507 licet,
1295 3444 1402 3509 quoda

64 3532 180 3584 lirnnalio
193 3549 217 3587 a.
234 3539 304 3586 7877
322 3535 445 3586 noudum
458 3537 718 3594 commemorantur,
738 3532 787 3584 sed
800 3546 854 3596 quo
867 3536 989 3597 tempore
1002 3531 1105 3581 Minicii
1118 3530 1280 3596 opusculum
1297 3531 1402 3596 prelum

63 3617 179 3683 inligabat
204 3624 237 3679 ta.
260 3621 455 3683 7877-7777),
481 3621 535 3672 iam
559 3619 616 3672 illic
634 3619 857 3671 asservabantur.
883 3619 956 3667 -lt
974 3630 1028 3682 quo
1052 3618 1163 3668 homine
1185 3618 1400 3668 communicatae

66 3717 121 3754 cum
143 3707 248 3760 Minicio
275 3707 393 3769 luerint,
418 3707 571 3768 nescimus,
602 3705 655 3756 nisi
678 3704 750 3770 quod
774 3718 802 3755 n.
824 3703 864 3752 tl.
893 3701 934 3754 nt.
961 3699 1010 3751 77*
1034 3706 1113 3753 antea
1138 3701 1244 3753 inerant
1267 3704 1402 3754 vincentii

65 3789 196 3844 baleolis
218 3792 385 3860 prolessoris
409 3791 444 3842 ab
467 3803 553 3856 eoque
578 3793 628 3841 bas
647 3803 674 3843 n.
690 3788 723 3839 7*
741 3794 768 3841 77
786 3788 818 3840 7*
837 3792 863 3841 77
883 3790 981 3840 Piceno
999 3788 1033 3838 ad
1051 3788 1161 3839 Truenti
1185 3789 1258 3853 ripas
1282 3791 1404 3854 repertas

68 3888 121 3928 esse
136 3879 260 3932 Minicius
279 3883 403 3930 testatur.

128 3964 326 4028 Mommsenus,
355 3966 402 4030 qui
426 3964 475 4015 bas
499 3964 611 4027 glandes
636 3976 689 4013 non
713 3963 835 4024 viderat,
864 3965 974 4028 propter
996 3961 1204 4025 inscriptionum
1230 3959 1350 4010 indolem
1376 3961 1403 4009 in

68 4045 181 4114 Corporis
197 4053 251 4103 vol.
269 4053 280 4101 l
298 4052 334 4102 ad
351 4064 378 4100 n.
395 4053 455 4102 777.
475 4053 534 4100 777.
555 4051 604 4099 677
630 4049 829 4100 dubitationem
854 4047 992 4114 professus
1016 4049 1058 4096 est
1078 4046 1113 4096 de
1132 4046 1288 4096 sinceritate
1305 4045 1402 4096 barum

69 4133 105 4184 i'.
123 4136 161 4185 5⁴.
182 4139 212 4186 o*
232 4141 261 4189 et
282 4137 361 4201 (quae
379 4140 470 4187 777777
489 4137 605 4200 genuina
624 4137 674 4197 cst)
695 4151 721 4188 n.
737 4139 785 4196 87,
812 4135 928 4185 maxime
952 4137 1042 4184 autem
1067 4131 1205 4197 glandium
1230 4145 1257 4181 n.
1273 4129 1400 4190 7*-77*;

70 4219 237 4276 confidentius
261 4224 335 4276 idem
356 4237 421 4274 mox
439 4224 466 4273 in
485 4223 624 4274 7777777777
642 4220 700 4272 dell'
714 4223 833 4273 instituto
853 4224 919 4271 7877
938 4235 965 4285 p.
981 4222 1012 4269 to
1032 4233 1093 4281 aas,
1113 4219 1142 4268 77
1161 4217 1260 4284 quibus
1285 4217 1403 4282 legiones

70 4311 151 4360 aetatis
168 4310 358 4376 imperatoriae
377 4309 517 4374 leguntur,
544 4309 626 4360 laisas
651 4308 791 4360 habendas
809 4321 869 4359 esse
893 4307 1047 4358 aiiirmavit.
1084 4305 1180 4370 Nuper
1197 4305 1307 4355 demum
1327 4317 1404 4354 com-

68 4397 190 4458 perimus,
215 4397 271 4447 iam
289 4394 483 4459 Borghesium,
509 4408 628 4460 quocum
648 4409 672 4445 a.
688 4397 754 4445 7876
773 4395 900 4445 Minicius
923 4391 1078 4458 apographa
1097 4390 1354 4448 communicaverat,
1377 4391 1402 4438 in

71 4481 171 4545 epistula
188 4482 226 4534 ad
244 4481 385 4532 Minicium
404 4481 505 4544 scripta
523 4483 537 4529 7
557 4480 607 4531 lul.
623 4483 690 4530 7777
709 4479 757 4531 777
775 4479 847 4530 edita
867 4493 892 4528 a.
908 4481 974 4528 7777
993 4479 1020 4528 in
1038 4490 1099 4542 opp.
1116 4477 1162 4527 llll
1181 4489 1207 4541 p.
1224 4479 1273 4524 767
1292 4475 1403 4526 easdem

70 4564 190 4628 legionum
218 4567 410 4633 inscriptiones
434 4567 461 4616 in
487 4567 672 4631 suspicionem
697 4577 812 4616 vocasse
837 4564 1004 4628 argumentis
1028 4563 1206 4626 gravissimis.
1243 4561 1277 4611 nt
1295 4562 1403 4612 Minicio

72 4655 161 4704 7777777
178 4653 248 4706 aluit
265 4657 295 4702 ut
312 4653 500 4719 persuaderet,
527 4653 559 4702 ut
576 4653 599 4703 77
611 4653 639 4701 in
658 4650 790 4717 opusculo
810 4665 859 4702 suo
871 4651 922 4701 viri
935 4649 1037 4701 summi
1050 4653 1077 4699 et
1089 4661 1188 4699 nomen
1201 4651 1228 4698 77
1240 4649 1403 4698 sententiam

70 4749 168 4801 prorsus
193 4741 311 4798 taceret,
339 4740 423 4790 immo
446 4739 491 4790 hio
514 4737 570 4789 illic
591 4741 751 4801 argumenta
769 4739 829 4788 eius
847 4741 918 4787 tecte
935 4735 1059 4786 reicllere
1077 4735 1223 4784 conaretur
1239 4733 1284 4784 vel
1303 4734 1335 4783 iis
1354 4731 1404 4783 ab·

71 4825 191 4884 iteratum
213 4823 248 4874 ad
267 4836 351 4888 quarn
369 4837 427 4874 rem
445 4825 511 4874 satis
525 4825 566 4874 est
583 4823 707 4874 attulisse
720 4823 874 4888 exemplum
894 4821 958 4870 boc:
979 4833 1043 4869 cnm
1062 4832 1089 4870 n.
1106 4816 1154 4867 lt*
1172 4818 1305 4882 legionem
1318 4817 1403 4868 XVlll

72 4905 163 4961 firmam
182 4923 216 4961 ex
235 4909 373 4975 lapidibus
389 4923 533 4975 perperam
552 4909 630 4960 lectis
649 4909 706 4975 (pro
718 4909 780 4959 xvi
800 4908 892 4958 Flavia
904 4905 992 4968 firma)
1012 4905 1155 4970 repetitam
1174 4917 1234 4954 7777
1253 4904 1405 4953 monuisset

72 4993 235 5060 Borghesins,
261 4997 387 5046 Minicius
405 4995 547 5061 glandem,
569 4997 664 5060 utpote
681 4995 794 5045 unicum
813 4995 872 5044 7777
891 4992 1004 5057 legionis
1022 4991 1222 5052 testimonium,
1250 4991 1276 5040 in
1295 5001 1403 5040 summo

71 5083 143 5144 pretio
155 5083 310 5134 babendum
323 5095 384 5134 esse
395 5081 549 5143 aiiirmavit,
571 5080 675 5146 lapides
689 5081 762 5130 enim
775 5079 846 5130 duos
858 5081 955 5142 tresve,
976 5079 1022 5143 qui
1035 5089 1095 5128 eam
1109 5077 1201 5127 testari
1215 5075 1401 5137 crederentur,

72 5167 130 5218 male
152 5169 303 5234 descriptos
326 5180 387 5220 esse
410 5181 461 5233 pro
485 5169 559 5218 certo
584 5165 688 5217 baberi.
713 5191 748 5202 -
774 5165 856 5216 Nunc
878 5165 990 5228 quidem
1014 5177 1047 5214 ex
1072 5165 1119 5224 iis,
1149 5176 1220 5227 quae
1248 5175 1296 5225 ego
1321 5173 1403 5226 supra

75 5250 204 5320 disputavi,
224 5258 299 5321 patet
316 5253 495 5318 Borgheslum
512 5253 767 5316 Mommsenumque
785 5255 860 5301 recte
886 5249 1021 5300 iudicasse
1039 5249 1074 5300 de
1091 5249 1146 5299 illis
1163 5247 1401 5312 inscriptionibus;

72 5339 109 5389 777
128 5342 308 5408 suspicionem
331 5338 449 5406 professi
469 5341 532 5392 7777
552 5339 713 5390 7777777777
739 5337 956 5396 affirmaverunt,
986 5348 1040 5386 non
1063 5334 1287 5387 demonstrarunt
1312 5337 1404 5386 77777-
