3466 5926
272 1731 704 1867 GLANDES
757 1731 1250 1864 PLVMBEAE.

754 1987 785 2054 1.

456 2139 758 2230 GLANDES
804 2139 1092 2230 SICVLAE.

90 2398 169 2480 1[=
183 2406 274 2478 Gorp.
293 2407 325 2462 X
347 2422 379 2463 n.
401 2401 496 2480 0063]
527 2406 606 2479 apud
629 2406 769 2475 Hennam,
795 2421 870 2476 quae
893 2421 971 2462 nunc
987 2405 1222 2478 Castrogiovanni
1244 2415 1298 2479 est,
1324 2409 1444 2481 glandes

128 2509 183 2566 hee
205 2525 300 2581 saepe
323 2515 462 2582 repertae
484 2515 562 2576 sunt,
587 2513 816 2566 moactmcmcnte
837 2509 911 2582 dopo
934 2509 958 2564 il
979 2509 1087 2566 diluuio
1111 2511 1157 2566 dci
1176 2510 1268 2570 1808.
1310 2513 1387 2580 Loci,
1414 2516 1444 2570 in

130 2612 238 2682 quibus
261 2615 428 2685 praecipue
450 2614 648 2684 reperiuntur,
673 2617 741 2668 sunt
762 2610 809 2666 hi:
848 2608 878 2667 n
892 2612 963 2668 doce
982 2605 997 2667 ὁ
1014 2609 1067 2686 piri
1089 2613 1196 2670 declive
1217 2614 1241 2670 il
1255 2615 1349 2674 Monte
1370 2617 1445 2674 nette

129 2716 222 2789 saido,
248 2717 285 2772 ed
302 2710 319 2772 ὁ
334 2733 398 2772 men
412 2715 532 2790 diffinite
547 2715 576 2772 lo
591 2714 680 2772 actito
696 2715 757 2772 otio
771 2715 868 2772 roccio
882 2711 947 2772 coici
960 2716 986 2770 ct
1000 2721 1121 2772 trovono
1146 2717 1171 2772 tc
1185 2717 1308 2789 pitiandc
1321 2719 1440 2786 iecrttte,

131 2836 145 2874 e
171 2837 230 2876 non
259 2821 386 2876 iecrittc.
432 2818 521 2875 Dolln
546 2826 631 2892 porte
657 2819 688 2874 di
711 2818 904 2874 stomontono
932 2819 958 2873 ei
983 2821 1156 2890 rinvcnpono
1186 2820 1260 2876 nette
1287 2819 1369 2893 [cide
1397 2821 1444 2878 cici

131 2922 236 2990 Monte,
264 2923 319 2978 circ
340 2924 367 2977 n·
381 2922 548 2978 diatcndono
570 2927 645 2977 cotto
670 2921 701 2976 io
714 2921 816 2992 Becco,
843 2937 857 2976 c
878 2919 956 2976 notio
972 2919 1095 2990 Collina,
1122 2921 1171 2976 cic
1191 2923 1272 2993 piocc
1287 2929 1334 2979 tro
1348 2923 1439 2994 Enna,

133 3041 147 3078 c
169 3023 386 3080 Coioccibcttc:
418 3023 501 3080 dotto
521 3031 605 3096 porte
626 3023 657 3080 di
678 3025 774 3081 Picano
796 3026 896 3096 picino
918 3029 993 3079 cotto
1018 3023 1047 3080 io
1068 3025 1173 3080 Itoccio
1194 3025 1225 3080 di
1246 3025 1441 3082 Montcacivo:

131 3128 170 3183 do
190 3129 341 3192 Laecanio,
373 3124 560 3199 carpeneto,
594 3127 643 3182 cic
670 3129 700 3183 vi
723 3121 737 3183 e'
759 3134 806 3183 tro
829 3127 858 3182 to
880 3127 983 3182 iioccr'o
1004 3127 1036 3182 di
1058 3126 1170 3196 Cerere,
1203 3127 1238 3184 cd
1260 3128 1283 3184 ii
1307 3127 1440 3199 Gaatciio,

133 3229 257 3286 toddooe
279 3228 483 3287 cdntccioiono
498 3229 532 3312 ic
557 3231 640 3286 ruine
669 3229 712 3284 ἀί
734 3230 866 3286 dcctrotti
889 3229 996 3302 Pemptt
1024 3229 1055 3285 di
1078 3229 1185 3300 Cerere,
1219 3230 1441 3304 erramina,-

132 3332 251 3389 cebbenc
265 3349 297 3389 ac
312 3335 340 3388 n’
357 3327 372 3389 e'
387 3335 490 3389 trovat'
507 3333 611 3390 αἱοιιηα
625 3333 754 3404 diaperao
777 3349 795 3387 o
818 3331 936 3405 qualche
957 3332 1087 3388 distance
1109 3336 1256 3406 mappiore
1277 3335 1320 3389 nc*
1336 3337 1440 3407 compi.

134 3447 233 3492 messi
259 3437 385 3492 Lcttera.
413 3463 454 3474 -
479 3433 508 3492 to
530 3437 602 3492 douc
623 3433 732 3510 (Enna)
754 3435 830 3490 miro
859 3434 881 3488 ii
910 3450 1006 3490 menno
1029 3435 1129 3506 pionte
1160 3435 1269 3492 eneHc
1293 3453 1343 3493 ane
1364 3437 1445 3510 [aido

131 3539 257 3609 ptiondc
288 3539 321 3595 di
346 3537 463 3613 ptcmbo
498 3534 576 3614 (cum
603 3537 658 3594 hac
688 3529 884 3612 inscriptione)
917 3539 942 3592 ei
971 3537 1139 3594 rinvcnncro
1170 3550 1266 3594 narssr
1296 3538 1369 3596 Bull.
1401 3568 1444 3578 -

134 3642 214 3698 Nocti
243 3642 329 3698 toute
356 3642 443 3714 findet
470 3659 538 3698 mon
567 3642 623 3716 ons
649 3641 713 3696 dcrn
731 3623 831 3712 ‘cozzo
861 3639 892 3695 di
913 3624 1022 3696 Piaonc'
1042 3647 1126 3696 unior
1148 3640 1198 3696 dor
1219 3641 1369 3698 Nordccitc
1397 3643 1446 3699 dee

136 3744 360 3818 Stodtpiotcocc
389 3747 449 3802 cine
477 3723 659 3816 Menpe'von
686 3741 953 3810 Schtccdcrbotzen,
987 3742 1060 3798 victe
1088 3744 1139 3798 mit
1168 3744 1230 3800 dem
1257 3745 1368 3802 Nomen
1397 3747 1447 3802 dea

136 3847 256 3904 Consule
278 3847 356 3903 Pico.
403 3847 471 3902 Hiar
492 3847 597 3904 saneim
619 3847 693 3902 denn
715 3843 759 3901 ici
780 3847 869 3902 cincm
892 3844 1126 3902 Gcaommtctnrm
1148 3843 1237 3914 (donn
1259 3848 1309 3904 der
1330 3848 1445 3921 Haupt-

137 3952 269 4025 ousponp
299 3949 367 4022 iicpt
388 3941 512 4016 arction)
539 3951 592 4006 doe
615 3949 729 4022 Gcfecirt
752 3947 900 4004 bceondcrc
922 3948 1012 4022 hestip
1034 3965 1158 4020 pcwecen
1179 3965 1216 4006 nu
1237 3952 1298 4006 acin
1318 3963 1445 4007 nr'rzscu

136 4069 166 4124 p.
187 4057 250 4110 293
269 4068 317 4124 eq.

161 4177 243 4231 t-3
274 4189 340 4244 rep.
361 4171 415 4228 ubi
443 4187 532 4244 supra
565 4164 654 4246 [apud
676 4163 851 4245 Alessium];
883 4171 957 4227 haec
985 4171 1039 4226 tria
1068 4171 1242 4242 exemplaria
1272 4189 1444 4228 conserano

202 4277 392 4333 nitidomcnte
419 4275 449 4331 io
476 4281 597 4332 connato
624 4275 786 4342 iscrizionc,
821 4290 869 4330 mo
895 4291 948 4331 con
971 4273 1089 4348 quolcirc
1110 4269 1221 4330 ocrictti
1243 4275 1286 4330 nc'
1309 4277 1445 4330 corottcri

202 4391 303 4436 aoessr
325 4378 426 4435 lettera
447 4393 478 4450 p.
499 4381 550 4436 3i.

162 4483 178 4538 i
203 4481 441 4552 Castrogiovanni
466 4476 610 4554 [Panormi
633 4479 711 4551 apud
734 4475 919 4551 Romanum[.

161 4589 267 4642 5-10
292 4585 528 4654 Castrogiovanni
559 4577 703 4658 [Panormi
733 4583 763 4637 in
790 4597 890 4638 museo
917 4579 1047 4652 publico.
1095 4581 1201 4638 Earum
1231 4588 1368 4655 quattuor
1390 4581 1446 4639 do-

203 4691 285 4744 navit
305 4685 447 4744 Antonius
476 4685 586 4742 Salinas
616 4679 678 4762 (qui
700 4683 802 4741 hahuit
823 4700 840 4738 a
862 4677 968 4760 patre),
1002 4687 1102 4755 quinta
1126 4679 1166 4760 [n.
1187 4679 1258 4762 570)
1291 4685 1359 4742 oiim
1394 4684 1447 4742 iuit

204 4793 299 4848 musei
321 4789 496 4857 Salnitriani,
522 4795 603 4846 sexta
623 4782 663 4865 [n.
680 4781 752 4864 597)
779 4786 857 4858 apud
872 4781 1052 4860 Valennam].
1099 4787 1227 4845 Pendent
1250 4790 1325 4845 inter
1348 4789 1443 4854 tinto

206 4901 235 4950 et
259 4898 356 4964 35‚7⁰
381 4909 425 4964 gr.
452 4905 590 4948 saumas.

146 5001 268 5055 tt-t8
296 4991 407 5072 [Ceialir
429 4995 508 5066 apud
529 4993 710 5051 baronissam
732 4984 949 5066 Mandralisca].

147 5105 181 5158 10
209 5094 306 5176 [Firmi
329 5098 407 5172 apud
429 5099 591 5167 Minicium,
625 5111 703 5153 nunc
725 5095 862 5151 Perusiae
892 5094 971 5166 apud
994 5097 1128 5152 comitem
1150 5096 1233 5153 Rossi
1256 5095 1361 5163 Scotti,
1394 5095 1446 5151 ubi

204 5195 290 5278 vidi]
343 5201 514 5259 Acuminate
543 5206 587 5257 est
616 5197 773 5270 utrobique
796 5198 978 5270 duarumque
1001 5199 1180 5268 marginum,
1215 5199 1301 5270 longa
1333 5201 1442 5267 0,037,

207 5321 302 5363 crassa
328 5310 425 5374 0,0te
451 5309 480 5360 et
503 5308 616 5375 0‚0tt;
641 5301 804 5373 robiginem
826 5299 916 5357 habet
938 5299 1051 5369 flavam,
1077 5301 1187 5356 litteras
1209 5305 1322 5357 tenueS.

304 5419 339 5470 Vi
1225 5415 1236 5464 i
