3466 5926
624 593 782 645 sunnone
801 593 956 648 srovnnrr.
1441 583 1461 654 3

109 781 124 845 l
149 791 183 844 ιι
211 788 291 844 vion
314 791 438 848 minen.
463 819 509 832 -
530 791 584 848 no.
603 790 699 862 spano
721 792 798 848 Ball.
821 792 915 848 Serae
942 796 1021 849 rost
1045 809 1074 864 ρ.
1098 797 1134 849 ιι
1164 786 1213 868 (ct.
1235 797 1314 851 taso
1342 808 1372 863 p.
1393 787 1458 870 ro),

166 893 257 949 Catal.
277 894 289 948 l
306 909 339 963 p.
363 897 416 960 ta,
443 895 585 950 Mnemos.
604 893 693 950 Sarda
721 886 852 968 (Gagliari
873 888 964 968 1868)
979 894 1039 951 tab.
1063 899 1119 970 tt,
1139 901 1168 954 1.
1216 894 1286 952 lude
1302 896 1462 952 Mommsen

165 996 256 1067 Corp.
275 997 306 1052 X
329 1013 364 1053 ιι.
386 1001 468 1054 8063
485 1009 498 1051 2
513 1014 553 1053 m.

106 1105 142 1154 11
166 1099 289 1155 Nitzsch
314 1099 465 1156 &caelen
492 1091 625 1172 (Berolini
651 1095 740 1176 1887)
768 1117 799 1172 p.
820 1103 892 1169 198,
918 1101 969 1171 qui
991 1101 1059 1172 legit
1082 1113 1153 1156 urso
1176 1111 1254 1156 cos.

105 1207 142 1260 13
166 1203 393 1274 Descripsimus
410 1203 606 1259 Mommsenus
628 1209 658 1259 et
679 1217 744 1274 ego.
792 1203 909 1259 Restant
931 1203 1019 1260 haec:
1060 1195 1285 1281 ssrsnll1cos;
1313 1206 1417 1275 prioris
1439 1217 1461 1261 0

167 1305 291 1361 lunulae
319 1307 497 1378 posterioris
525 1319 593 1377 pars
619 1305 740 1363 inter-ior
768 1306 831 1362 sola
853 1313 1002 1376 superstes
1024 1311 1069 1362 eet
1092 1306 1145 1362 sed
1167 1307 1229 1362 sive
1252 1308 1326 1364 mala
1348 1307 1461 1364 fusione

166 1411 230 1465 sire
254 1409 391 1466 laesione
413 1407 514 1464 hastae
535 1407 635 1464 similis
658 1409 733 1465 tacta
752 1401 809 1484 (σὼ
835 1409 1014 1466 Mommseuo
1027 1401 1156 1486 [sisois]
1178 1425 1243 1466 esse
1258 1412 1356 1466 visum
1379 1417 1459 1468 erat.

104 1515 143 1569 18
167 1508 324 1568 Tab.1tt.
375 1511 536 1583 liesca-ipsi:
577 1518 688 1588 pisorm
706 1505 747 1586 (in
768 1527 870 1568 aversa
892 1518 974 1581 parte
996 1513 1036 1568 nil
1058 1507 1189 1588 legitur).
1213 1541 1258 1552 -
1279 1513 1461 1572 Friedericlas

168 1613 269 1670 cntilse
292 1614 459 1670 Bildwerlce
479 1614 505 1670 ll
527 1631 558 1686 p.
577 1618 633 1674 181
661 1630 692 1670 ιι.
714 1619 808 1674 rtet.

105 1721 142 1772 aa
166 1716 241 1772 ran.
260 1718 274 1772 1
292 1721 325 1772 r.
348 1721 378 1773 a.
425 1718 588 1789 Desuper:
628 1695 886 1818 ssrsoafltfos.

105 1825 143 1876 18
167 1818 323 1876 Tab.l5.
375 1819 540 1891 Descripsi:
578 1810 671 1909 flag&
698 1835 800 1876 aversa
823 1835 889 1891 pars
912 1819 987 1876 laesa
1011 1827 1066 1877 est.

106 1926 144 1977 17
168 1921 292 1978 lliccius
316 1921 397 1992 apud
412 1923 559 1980 Minicium
581 1923 642 1980 tab.
657 1925 681 1980 ll
696 1941 725 1980 ιι.
744 1928 777 1981 81
806 1915 919 1997 (litteris
940 1915 1119 1998 vulgaribus)
1139 1929 1168 1980 et
1189 1939 1219 1994 p.
1236 1927 1308 1994 181,
1326 1931 1342 1982 8
1367 1925 1461 1980 idem-

170 2041 231 2096 que
254 2025 375 2081 Notiaie
397 2025 474 2097 degli
494 2029 668 2082 scevomenti
690 2027 736 2082 del
757 2027 838 2083 soolo
862 2025 926 2082 dett
952 2027 1049 2082 natica
1072 2027 1170 2100 Capua
1198 2029 1227 2084 in
1251 2025 1348 2084 tabula
1370 2045 1398 2084 u.
1422 2031 1459 2084 80

169 2129 248 2184 inter
279 2127 439 2199 figulorum
461 2127 672 2200 Campanorum
702 2130 852 2185 nominum
882 2133 911 2185 iu
940 2143 993 2185 suo
1024 2145 1125 2187 musco
1156 2129 1319 2186 adservata.
1370 2143 1460 2186 rison

170 2231 292 2287 Riccius
315 2230 395 2302 apud
418 2230 575 2299 Minicium,
601 2245 699 2289 perso
720 2232 798 2288 idem
822 2235 851 2288 in
873 2232 972 2290 tabula
1000 2225 1170 2308 (Mommsen
1192 2234 1212 2288 l.
1230 2234 1250 2290 l.
1268 2227 1311 2308 9).

108 2338 160 2391 18.
187 2338 227 2390 19
263 2331 362 2389 Alessi
392 2333 493 2389 lettere
518 2337 597 2391 1815
627 2333 688 2391 tab.
712 2337 724 2392 l
752 2352 782 2391 ιι.
806 2335 818 2389 1
853 2331 963 2407 {littaris
992 2329 1170 2413 vulgaribus]
1204 2341 1231 2392 et
1260 2351 1289 2406 p.
1314 2339 1352 2392 tt
1384 2329 1461 2410 (inde

170 2437 215 2492 De
237 2437 356 2493 Minicis
379 2437 444 2491 tll
467 2451 496 2492 ιι.
518 2440 556 2492 80
588 2437 625 2493 ci.
644 2453 675 2508 p.
696 2440 767 2508 181,
790 2441 822 2506 1;
855 2439 1014 2495 Mommsen
1039 2437 1158 2509 Corpl
1181 2454 1210 2494 n.
1232 2441 1290 2495 813
1326 2431 1373 2513 [ex
1403 2453 1461 2508 quo

171 2539 318 2596 Garrucci
333 2537 406 2610 Syll.
422 2555 452 2594 n.
469 2531 541 2614 901]
565 2544 593 2594 et
608 2539 695 2610 Corp.
710 2539 736 2594 X
753 2556 782 2596 ιι.
801 2535 956 2616 806311);
994 2553 1061 2597 riso
1078 2541 1181 2597 litteris
1196 2539 1358 2598 minoribus
1374 2556 1461 2612 quam

172 2644 204 2698 in
226 2643 353 2713 reliquis
374 2639 540 2712 glandibus.

195 2813 356 2870 Glandium
388 2818 439 2870 13.
468 2815 519 2870 18.
547 2817 584 2870 16
618 2813 732 2869 mutilas
762 2813 810 2869 vel
840 2821 919 2870 certe
949 2813 1133 2884 imperfectas
1163 2829 1227 2870 esse
1257 2815 1461 2886 inscriptiones

108 2923 223 2973 constat
250 2923 280 2972 et
309 2917 382 2988 quin
410 2915 518 2972 fuerint
548 2915 633 2970 etiam
661 2931 692 2971 ιι.
716 2919 753 2973 11
786 2921 814 2972 et
845 2919 883 2973 27
908 2915 1034 2972 dubitari
1056 2919 1104 2972 vix
1134 2922 1240 2989 potest.
1293 2917 1334 2971 Er
1363 2933 1392 2973 ιι.
1421 2921 1458 2974 18

109 3027 137 3074 et
161 3024 200 3077 19
233 3020 432 3076 Mommseuus
455 3017 539 3088 Corp.
559 3017 572 3072 1
593 3033 623 3072 ιι.
644 3021 703 3075 ota
728 3025 758 3074 et
780 3019 807 3074 X
829 3035 859 3074 n.
881 3019 1024 3076 808311
1046 3019 1162 3076 admisit
1188 3017 1308 3075 alteram
1334 3019 1462 3091 inscrip-

108 3122 218 3178 tionem
243 3122 333 3178 hano:

752 3339 818 3382 riso

113 3582 170 3638 Sed
201 3581 362 3638 videndum
392 3587 451 3647 est,
483 3597 520 3636 ne
548 3581 621 3638 haec
652 3597 771 3654 quoque
799 3583 898 3639 mutila
926 3584 963 3638 sit
991 3581 1193 3654 Messiamque
1223 3577 1263 3657 (id
1292 3582 1378 3653 quod.
1399 3583 1463 3639 fieri

112 3685 247 3741 iacillime
277 3677 383 3759 potest)
411 3685 517 3756 fugerit
546 3684 688 3741 delectus.
743 3683 839 3754 Quare
869 3685 963 3757 potius
992 3685 1220 3757 exspectandum
1252 3701 1316 3740 esse
1345 3687 1458 3756 opinor,

113 3787 207 3844 donec
231 3786 381 3858 exemplar
402 3786 521 3858 aliquod
544 3803 560 3842 a
581 3787 703 3846 fusionis
725 3788 913 3859 imperfectae
936 3794 964 3843 ct
991 3787 1128 3846 laesionis
1150 3789 1316 3860 suspicione
1337 3786 1463 3844 liberum

113 3888 149 3945 ab
179 3889 288 3947 idoneo
315 3894 390 3945 teste
420 3891 614 3945 examinatum
641 3890 739 3946 luerit.
769 3919 813 3929 -
841 3890 874 3946 ln
896 3907 926 3946 ιι.
947 3894 984 3950 tl
1013 3883 1072 3947 oon
1093 3889 1215 3948 dubium
1238 3897 1282 3946 est
1304 3892 1375 3961 quin
1398 3903 1463 3946 rrso

114 3993 220 4060 luerit,
253 4007 270 4046 n
294 3998 391 4047 autem
418 3992 593 4064 typographi
615 3995 730 4064 inopiae
761 3993 914 4050 debeatur.
958 3993 1081 4049 Litterae
1105 4008 1120 4048 r
1144 3995 1222 4050 enim
1250 3993 1343 4049 torma
1366 3994 1396 4048 in
1418 3991 1464 4048 his

114 4093 272 4164 glandibus
294 4095 426 4164 proxime
448 4093 485 4150 ab
509 4094 564 4150 hac
587 4108 606 4148 ιι
628 4093 723 4151 abest.

199 4233 243 4304 ‘L.
263 4247 328 4304 Piso
351 4248 427 4316 1.1.,
458 4247 536 4303 idem
565 4249 612 4304 illc
635 4249 666 4305 L.
686 4247 857 4320 Calpurnius
879 4250 911 4304 L.
930 4249 949 4304 l.
970 4263 1058 4320 quem
1087 4250 1117 4304 in
1145 4249 1209 4319 lege
1237 4249 1463 4320 repetundarum

119 4344 248 4425 [corp.1
270 4365 300 4405 ιι.
322 4345 393 4424 198]
419 4368 450 4404 v.
470 4354 508 4408 78
526 4356 618 4408 =8t
648 4351 836 4418 oilendimus,
870 4351 1194 4410 consolamenti
1224 4351 1365 4407 adversus
1388 4352 1465 4424 sugi-

115 4455 190 4511 tiros
213 4456 242 4508 in
259 4453 355 4510 Sicilia
376 4452 487 4510 bellum
509 4456 598 4524 gessit
612 4455 853 4524 Mamertiumque
875 4454 1015 4526 oppidum
1038 4455 1213 4526 expugnavit
1233 4447 1362 4527 (Orosius
1380 4459 1409 4523 e,
1427 4460 1459 4521 9;

116 4555 177 4613 Vel.
195 4557 272 4613 Max.
293 4559 322 4625 l,
344 4560 372 4626 3,
395 4549 458 4632 to).
506 4557 653 4626 Hennam,
688 4557 767 4630 quod
796 4557 992 4613 firmissimum
1024 4557 1208 4628 lugitivorum
1237 4557 1382 4626 refugium
1410 4573 1465 4629 ap-

117 4659 204 4728 pellat
227 4657 364 4728 Orosius,
398 4659 477 4731 oepit
499 4659 632 4728 demum,
667 4661 718 4731 qui
740 4660 835 4718 Pisoni
857 4659 999 4716 successit
1021 4675 1081 4716 cos.
1099 4676 1130 4714 u.
1150 4676 1176 4716 c.
1199 4663 1257 4718 611
1282 4659 1313 4714 P.
1334 4659 1465 4730 Rupilius

118 4755 285 4834 (Giolerr.
308 4763 336 4830 8,
358 4765 409 4829 5⁰,
430 4765 505 4827 111;
540 4761 624 4818 Oros.
644 4761 664 4816 1.
682 4777 722 4831 c.;
756 4761 874 4819 Diodor.
899 4777 930 4833 p.
958 4765 1035 4831 5293
1066 4761 1142 4819 Flor.
1163 4767 1192 4830 1,
1213 4753 1257 4837 7);
1291 4762 1369 4818 idem
1397 4767 1464 4818 aute

117 4865 172 4919 iam
201 4865 336 4921 Pisonem
368 4866 556 4935 temptavisse
585 4871 721 4921 auctores
751 4879 810 4920 non
838 4863 1035 4933 tradiderunt,
1072 4864 1125 4920 sed
1158 4869 1301 4921 testantur
1330 4863 1461 4934 glandes.
1513 4845 1517 4852 ’

119 4965 322 5024 Funditoribus
351 4965 485 5023 Pisonem
513 4968 544 5022 in
575 4966 633 5023 hoc
666 4965 743 5023 bello
764 4981 850 5023 usum
880 4981 943 5023 csse
976 4972 1129 5038 praeterea
1160 4967 1312 5024 coufirmat
1335 4965 1465 5022 Valerius

119 5068 256 5125 Maximus
279 5062 320 5142 (1,
343 5071 373 5136 7,
395 5074 427 5136 9;
454 5069 492 5125 cl.
511 5069 638 5126 Frontin.
657 5073 738 5124 strat.
760 5070 788 5138 8,
812 5073 838 5136 1,
860 5063 910 5144 16)
937 5069 1071 5125 Pisonem
1093 5069 1224 5126 reserens
1246 5075 1355 5125 turmas
1378 5070 1465 5138 equi-

118 5177 179 5226 tum
193 5171 333 5244 quasdam
348 5173 522 5243 ignominiae
538 5187 626 5229 causa
640 5169 784 5243 ademptis
799 5173 882 5242 equis
898 5173 928 5228 in
943 5171 1122 5230 funditorum
1141 5171 1200 5228 alas
1222 5155 1459 5244 transcripsisse'.

119 5273 346 5331 Mommscnus
369 5273 458 5346 Corp.
477 5275 488 5328 l
510 5291 541 5346 p.
564 5277 621 5331 189
646 5273 682 5329 ad
705 5290 735 5330 ιι.
757 5277 814 5332 881
832 5289 877 5345 sq.

1223 5416 1255 5468 1*
