3466 5926
578 573 623 624 BT
639 572 809 632 Reclovnn
828 573 987 626 PIOENAE.
1435 563 1456 632 7

102 771 166 826 tenti
186 769 259 826 haec
282 769 380 826 relata
403 775 473 826 sunt
495 787 514 826 a
529 769 663 826 Castellio
677 769 843 840 professore
859 769 1113 840 Ripatransoueusi
1136 777 1166 826 et
1188 769 1347 828 Gabriellio
1361 769 1457 830 decu-

102 874 172 930 lano.
219 873 270 930 llle
293 875 475 930 Bassottium
499 873 794 944 Ripatransoueusem
815 872 1022 942 architectum,
1054 877 1121 930 ente
1143 872 1197 931 hos
1228 875 1338 946 aliquot
1365 891 1456 934 annos

103 983 260 1044 mortuum,
289 976 444 1033 dicentem
466 977 580 1032 audivit
600 991 633 1031 se
654 977 736 1048 operi
759 975 800 1032 iili
829 975 866 1031 ad
892 983 1006 1045 portem
1029 975 1185 1034 Romanam
1207 977 1340 1034 iaciendo
1363 981 1456 1035 inter·

103 1080 186 1135 luisse
208 1087 238 1136 et
265 1079 424 1152 glandium
446 1077 489 1135 ibi
511 1081 626 1150 copiam
655 1079 801 1135 invenisse
827 1077 925 1136 modio
953 1079 1140 1136 metiendam.
1195 1079 1353 1140 Gabriellio
1382 1087 1456 1139 teste

102 1182 265 1240 Vincentius
295 1183 397 1240 hereti
426 1185 612 1242 inventarum
642 1189 709 1239 ante
736 1182 790 1239 hos
818 1182 881 1238 iere
910 1182 959 1239 LX
988 1197 1079 1240 annos
1107 1183 1256 1256 glandium
1287 1186 1455 1242 memoriam

102 1293 175 1342 tenet
196 1293 286 1358 atque
310 1287 459 1344 Antonius
474 1285 580 1356 Orsini,
606 1285 743 1342 historiae
765 1287 905 1342 naturalis
927 1287 1076 1356 professor
1098 1295 1127 1344 et
1149 1293 1265 1346 senator
1279 1286 1451 1358 Aecidenus,

102 1393 209 1446 amicus
223 1391 341 1458 Delfici,
370 1391 501 1448 namuh
521 1389 641 1460 glandes
663 1390 758 1446 musei
780 1388 919 1445 Asculani
941 1391 1072 1462 quinque
1094 1405 1217 1448 numero
1241 1395 1278 1448 9⁰
1305 1393 1456 1463 insignitas

106 1484 291 1565 (v.n.c,2o.
321 1499 352 1564 9,
370 1510 395 1551 ι.
424 1499 515 1563 29,1.
543 1495 634 1560 33„r.
661 1487 709 1568 al]
737 1497 799 1550 tum
826 1492 864 1548 ad
891 1499 1003 1564 portam
1032 1493 1190 1550 Romanam
1212 1495 1243 1550 iu
1271 1493 1457 1552 demoliendo

103 1611 181 1653 muro
204 1603 342 1668 repertas
360 1613 448 1666 ‚esse;
479 1595 610 1662 eaedem,
636 1599 668 1652 ut
688 1594 746 1652 hoc
767 1593 884 1664 addam,
910 1595 960 1652 diu
982 1601 1048 1652 ante
1071 1611 1159 1668 quam
1182 1611 1315 1654 museum
1339 1595 1456 1667 publico

103 1701 164 1755 usui
191 1703 363 1772 aperiretur
390 1693 478 1776 (anno
504 1691 595 1774 idoli)
628 1703 657 1754 et
682 1713 772 1768 quam
793 1699 909 1754 oliicina
931 1699 1153 1756 Vincenziniana
1177 1701 1381 1772 inscriptiones
1403 1717 1456 1758 ex-

103 1801 208 1858 cudere
232 1803 404 1872 coepisset,
437 1803 495 1856 iarn
517 1803 547 1858 in
569 1803 648 1857 curia
671 1800 840 1871 municipali
869 1799 906 1858 eb
929 1798 1044 1858 Orsinio
1065 1817 1124 1858 una
1147 1817 1214 1858 cum
1242 1805 1334 1874 ipsius
1356 1819 1457 1862 museo

103 1903 237 1960 historiae
259 1905 407 1962 naturalis
429 1904 480 1961 sed
504 1904 611 1962 scrinio
633 1909 767 1974 separato
791 1901 1025 1974 asservabantur,
1057 1904 1094 1960 ad
1116 1919 1225 1975 easque
1247 1907 1319 1964 nulli
1341 1915 1458 1980 praeter

105 2010 196 2078 ipsum
225 2007 352 2080 petebat
380 2008 493 2076 aditus3
525 2022 560 2064 ao
583 2013 661 2064 certe
684 2007 731 2064 vel
760 2005 798 2064 ob
819 2007 877 2063 hoc
899 2009 991 2064 maior
1013 2009 1056 2064 eis
1082 2007 1156 2063 fides
1177 2007 1312 2066 habende
1335 2017 1389 2067 est.
1414 2039 1457 2052 -·

105 2109 159 2166 Sed
180 2113 353 2168 accuratior
374 2111 411 2167 de
432 2111 485 2180 iis,
518 2124 594 2180 quae
615 2107 656 2166 ibi
678 2113 795 2166 invente
823 2113 898 2176 sint,
932 2110 1031 2167 notitia
1055 2111 1172 2168 omuino
1194 2111 1393 2181 desideratur,
1427 2115 1457 2170 in

105 2215 202 2282 primis
217 2221 318 2270 autem
343 2215 535 2270 iustrumenta
553 2213 601 2268 illa
615 2212 762 2284 glandium
784 2212 999 2270 fundendarum
1014 2213 1111 2284 qualia
1133 2213 1238 2270 luerint
1260 2221 1289 2271 et
1304 2231 1362 2286 quo
1385 2231 1457 2287 per·

106 2318 244 2384 venerint,
265 2317 377 2372 irustra
392 2317 540 2388 inquisivi.
576 2315 640 2372 Vidi
656 2315 775 2388 quidem
789 2315 898 2372 llomae
917 2321 946 2371 et
961 2315 1122 2373 Florentiae
1142 2315 1200 2374 duo
1216 2333 1292 2390 quae
1308 2320 1371 2376 eius
1385 2335 1457 2376 usus

107 2419 192 2476 inisse
214 2419 374 2488 dicuntur,
407 2426 436 2476 at
459 2435 493 2475 ea
516 2421 630 2476 nuncia
652 2433 718 2475 esse
740 2419 925 2475 menifestum
947 2423 1002 2487 est,
1028 2425 1060 2475 ut
1082 2419 1213 2476 lalsarios
1235 2435 1268 2478 aa
1291 2423 1456 2480 narratione

106 2519 209 2578 abusos
231 2537 301 2578 esse
324 2529 440 2594 pateat3
467 2523 522 2578 nisi
537 2523 610 2580 iorte
633 2527 691 2579 tota
714 2521 761 2578 ille
784 2521 821 2577 de
843 2522 967 2578 inventis
982 2519 1080 2578 Asculi
1095 2520 1124 2577 id
1148 2537 1240 2594 genus
1258 2523 1456 2580 instrumentis

107 2625 228 2682 narratio
252 2641 337 2682 mera
360 2631 405 2682 est
426 2623 535 2694 iabula,
561 2642 577 2680 a
600 2625 722 2681 ielsariis
744 2627 773 2680 in
793 2623 897 2696 vulgus
919 2639 1029 2696 sparsa.
1070 2625 1165 2680 Unum
1187 2631 1281 2683 exstat
1302 2628 1332 2682 in
1353 2641 1457 2685 museo

108 2725 315 2796 llircheriano,
348 2729 466 2797 forceps
489 2727 600 2784 ahenea
627 2727 742 2799 patellis
764 2725 879 2783 duabus
901 2725 1003 2800 quales
1027 2727 1181 2798 ligrdarom
1203 2735 1368 2786 nostrarum
1390 2737 1458 2786 sunt

109 2829 250 2899 praelixa3
286 2830 341 2886 sed
364 2830 466 2900 robigo
489 2830 660 2886 malefacta
683 2837 737 2896 est,
764 2831 914 2902 magisque
937 2831 1023 2886 etiem
1045 2832 1173 2901 ineptam
1195 2830 1327 2888 iraudem
1349 2835 1453 2904 arguit,

110 2931 185 3003 quod
204 2933 332 3005 patellae
354 2931 495 2988 toramine
517 2941 632 2998 carent,
662 2947 721 3002 quo
743 2931 896 3004 plumbum
919 2931 1032 2989 iniundi
1054 2935 1155 3004 possit.
1202 2931 1333 2990 Alterum
1356 2951 1457 2992 exem-

110 3034 201 3106 plum,
235 3037 318 3107 quod
340 3035 401 3090 vidi
422 3033 499 3106 apud
525 3034 724 3092 marchionem
747 3035 880 3092 Carolum
903 3034 1013 3092 Strozzi
1035 3036 1249 3104 Florentinum,
1282 3043 1326 3093 est
1347 3039 1456 3096 formae

111 3139 207 3195 similis
229 3139 360 3196 aheneae
383 3137 501 3194 dimidia
523 3152 601 3208 pars,
626 3135 759 3208 robigine
782 3137 901 3210 quidem
924 3139 1123 3208 antiquitatem
1145 3137 1222 3196 bene
1244 3141 1383 3198 simulans
1404 3143 1456 3198 sed

110 3255 165 3297 nou
185 3245 283 3299 minus
306 3244 405 3312 inepte
428 3239 618 3297 foraminibus
639 3242 780 3296 instructa
802 3239 911 3309 tribus,
945 3255 1070 3311 quorum
1101 3241 1160 3298 duo
1182 3245 1212 3298 in
1238 3243 1361 3315 patellae
1384 3261 1457 3302 acu·

113 3343 246 3412 minibus,
271 3346 392 3402 tertium
412 3345 443 3400 in
464 3343 560 3400 media
583 3345 719 3414 marginis
741 3347 824 3414 parte
846 3349 949 3400 exstat.

190 3448 277 3504 Extra
307 3447 486 3504 territorium
514 3445 689 3502 Aeculanum
719 3461 831 3518 peuces
861 3445 981 3517 glandes
1010 3453 1144 3518 repertae
1173 3454 1257 3504 sunt:
1307 3441 1332 3523 t)
1362 3463 1457 3520 prope

112 3549 233 3606 Firmum
264 3543 306 3626 (6.
337 3555 385 3618 itt,
406 3543 427 3626 1)
460 3565 554 3622 prope
581 3549 716 3606 vibratae
749 3549 855 3605 vallem
885 3549 1059 3606 Truentinas
1090 3552 1252 3623 proximam
1282 3554 1310 3606 in
1348 3553 1455 3624 oppido

113 3651 271 3724 Corropoli,
299 3652 337 3709 ad
359 3653 415 3708 sin.
439 3651 575 3709 Vibratee
597 3653 652 3709 sito
675 3657 704 3708 ct
729 3651 798 3707 circ.
825 3651 903 3707 XVII
924 3667 964 3708 m.
983 3667 1013 3722 p.
1033 3651 1141 3709 Asculo
1164 3651 1279 3710 distanti
1308 3647 1347 3728 (v.
1366 3671 1396 3710 n.
1424 3659 1454 3710 3.

115 3759 142 3810 5.
167 3761 195 3823 6,
214 3771 238 3814 ι.
271 3761 301 3826 8,
323 3771 345 3812 ι.
365 3771 389 3813 ι.
423 3749 487 3831 ll),
522 3763 551 3812 et
578 3771 671 3827 prope
706 3753 846 3826 oppidum
875 3755 1024 3812 Tortorete
1056 3772 1073 3812 e
1101 3757 1219 3827 regione
1254 3756 1341 3812 huius
1370 3759 1456 3814 situm

120 3850 157 3934 (t,
174 3875 198 3915 ι.
225 3865 254 3929 6,
273 3853 316 3926 tl.
376 3861 419 3915 lle
447 3857 510 3914 eliis
539 3873 598 3916 non
623 3858 747 3914 traditur
772 3859 830 3914 nisi
858 3859 939 3930 origo
968 3859 1114 3915 Picentina
1142 3851 1182 3934 (l,
1202 3873 1226 3915 ι.
1261 3865 1289 3927 6,
1310 3876 1333 3915 ι.
1367 3865 1396 3928 9,
1415 3874 1454 3917 aa.

119 3954 164 4034 [ro
192 3955 354 4037 suspectari.
389 3967 440 4030 38,
461 3978 484 4018 ι.
516 3964 566 4030 lo,
586 3957 607 4036 a)
644 3966 695 4016 aut
721 3959 861 4032 Aprutina
894 3953 934 4036 (6,
954 3955 993 4036 ι).
1053 3961 1161 4018 Earum
1187 3963 1315 4033 exceptis
1345 3967 1373 4020 3.
1404 3965 1454 4020 ll.

120 4066 163 4120 19.
191 4059 256 4140 [io]
283 4065 412 4122 omnium
433 4065 488 4120 alie
511 4064 643 4135 exempla
663 4062 762 4120 Asculi
783 4071 900 4136 reperta
923 4079 988 4121 esse
1010 4071 1133 4122 constat.
1158 4066 1356 4137 -Denique
1378 4065 1456 4122 haud

116 4181 220 4235 paucae
243 4170 408 4224 exstantia
435 4168 543 4224 muscis
565 4167 691 4223 maxime
713 4166 855 4237 publicis,
889 4183 1012 4240 quarum
1044 4169 1124 4240 origo
1147 4184 1206 4225 non
1234 4168 1369 4224 adnotata
1392 4173 1453 4238 est;

118 4267 164 4323 sed
186 4287 237 4327 eae
252 4271 375 4327 aliorum
391 4270 589 4342 exemplorum
613 4285 669 4340 ope
684 4268 790 4328 Asculo
812 4269 901 4326 tribui
920 4277 1086 4342 potuerunt.
1112 4299 1155 4309 -
1177 4270 1239 4326 Una
1257 4275 1285 4338 6,
1301 4286 1329 4327 ιο
1345 4270 1458 4328 Labicis

118 4380 224 4442 reperta
255 4387 321 4429 esse
349 4373 455 4441 iertur3
489 4373 569 4444 quod
598 4374 623 4428 si
650 4387 753 4430 verum
783 4379 843 4440 est,
876 4373 943 4429 illuc
973 4388 1055 4429 merc
1078 4387 1150 4429 casu
1172 4373 1234 4429 sive
1256 4374 1373 4442 antiqua
1396 4375 1458 4429 sive

118 4478 271 4533 recentiore
294 4481 387 4531 aetate
410 4473 534 4532 delatam
558 4491 622 4531 esse
644 4481 726 4546 puto.

193 4580 366 4636 litterarum
388 4579 479 4635 iorma
501 4581 571 4634 satis
592 4581 688 4650 prisca
712 4585 770 4646 est,
796 4579 849 4635 sed
871 4595 931 4636 non
953 4585 1010 4635 tam
1035 4577 1151 4650 elegans
1175 4594 1264 4649 quam
1285 4581 1315 4634 in
1339 4578 1458 4636 Graecis

120 4685 145 4735 et
163 4681 336 4752 Pisonianis,
368 4683 456 4740 immo
482 4681 583 4740 rudior
611 4689 640 4738 et
667 4681 785 4739 modulo
808 4686 931 4750 maiore;
967 4683 1033 4738 tiu
1056 4686 1110 4738 3c.
1140 4679 1191 4738 3b.
1219 4685 1268 4738 ll.
1296 4685 1379 4748 ΞΜ
1407 4698 1458 4739 re-

119 4786 235 4856 peritur,
262 4785 413 4857 rubique
436 4791 565 4856 apertam
586 4785 676 4842 habet
698 4785 846 4854 lunulam,
873 4801 899 4841 rc
921 4801 956 4842 ex
979 4800 1061 4843 more
1083 4785 1202 4856 antiquo
1225 4781 1339 4840 duabus
1360 4797 1382 4839 Λ
1405 4801 1458 4842 co-

119 4889 235 4946 niunctis
256 4888 358 4944 similis
380 4894 434 4944 cst.
482 4889 525 4944 De
547 4889 654 4946 ceteris
683 4888 753 4945 nihil
781 4889 939 4946 notandum
968 4889 1021 4944 nisi
1051 4887 1130 4959 quod
1152 4891 1269 4960 praeter
1291 4903 1311 4941 a
1333 4887 1459 4944 habetur

119 4990 144 5044 in
168 5009 196 5048 n.
220 4997 300 5058 l6,r
327 5007 362 5060 n,
397 4993 427 5048 in
454 5007 484 5046 n.
505 4996 588 5059 ⁴6,a
617 5008 652 5048 ac
675 4992 796 5049 fortasse
826 5007 839 5049 c
874 5007 895 5047 Α
918 4997 1011 5048 exstat
1038 4991 1103 5046 talis
1128 5003 1151 5045 π
1182 4995 1211 5047 et
1240 4996 1357 5061 praeter
1384 5005 1400 5045 s
1428 4992 1457 5046 in

121 5101 177 5152 nt
200 5095 274 5151 haec
296 5108 316 5148 ιι
339 5094 443 5150 lorma.

195 5196 402 5256 Difficillimum
421 5203 509 5270 atque
531 5196 769 5254 molestissimum
790 5211 912 5266 munus,
939 5213 997 5270 quo
1020 5197 1155 5268 perfungi
1177 5194 1276 5264 debui,
1303 5201 1364 5251 eret
1385 5193 1453 5264 hcc,

121 5301 148 5352 ut
166 5317 297 5358 caverem
320 5317 337 5356 a
361 5300 542 5356 falsariorum
565 5298 734 5370 fraudibus,
761 5299 870 5372 quibus
892 5299 965 5358 haec
987 5301 1030 5356 rei
1053 5297 1257 5371 epigraphicee
1279 5311 1347 5368 pars
1369 5311 1458 5368 supra
