3374 5930
65 2334 139 2446 DE
176 2339 760 2456 locululttculssvs
800 2339 965 2458 ulls
1002 2338 1322 2453 DIOVNTVR

465 2523 916 2640 lllPllRATORlIS

499 2783 663 2837 SAECVLO
682 2783 713 2835 P.
734 2781 813 2834 CHR.
833 2781 881 2832 1v.

39 3134 238 3280 Augustum,
260 3209 397 3283 quamvis
419 3209 488 3266 inde
510 3211 548 3268 ab
570 3211 667 3268 am
683 3209 875 3286 praenomine
895 3206 1084 3286 imperatoris
1099 3216 1238 3281 uteretur,
1253 3219 1352 3268 tamen

38 3307 162 3382 exemplo
184 3307 292 3366 ducum
314 3309 426 3370 liberae
447 3312 649 3388 reipublicae
671 3313 768 3371 denuo
784 3311 919 3370 voluisse
933 3310 1116 3370 consalutari
1131 3309 1351 3386 imperatorem,

38 3409 142 3478 quoties
165 3409 290 3469 victoria
310 3413 411 3488 aliqua
432 3415 469 3473 ab
492 3433 527 3472 eo
549 3423 635 3490 parta
656 3415 704 3473 vel
727 3415 753 3472 ei
776 3414 912 3472 nuntiata
933 3422 1024 3484 esset,
1052 3412 1095 3470 ita
1122 3420 1154 3470 ut
1181 3413 1235 3471 sub
1262 3414 1351 3472 finem

36 3507 103 3567 ritae
124 3511 272 3571 diceretur
292 3517 446 3591 imperator
466 3519 553 3575 uicies
575 3515 713 3592 serael1),
743 3517 814 3574 item
843 3531 1032 3574 successores
1056 3515 1185 3592 Augusti
1215 3516 1352 3591 quamvis

37 3617 60 3666 et
78 3613 133 3689 ipsi
157 3614 291 3691 plerique
312 3619 504 3694 praenomine
531 3619 721 3695 imperatoris
749 3626 911 3692 uterentur,
938 3624 1067 3674 veterem
1094 3617 1353 3694 imperatoriarum

38 3712 237 3775 salutationum
260 3721 504 3780 consuetudinem
527 3722 568 3779 ita
589 3722 761 3794 retinuisse,
789 3728 822 3778 ut
848 3729 917 3796 post
943 3719 1068 3795 primum
1095 3720 1231 3778 nuntium
1258 3719 1294 3779 dc
1321 3739 1354 3778 re

36 3812 99 3874 bene
120 3829 208 3895 gesta
229 3819 395 3882 dicerentur
423 3827 490 3898 imp.
513 3823 562 3895 11,
590 3829 692 3881 notum
715 3831 761 3882 est
787 3832 816 3880 et
842 3822 1046 3899 exploratum,
1073 3839 1169 3898 neque
1195 3823 1227 3880 iu
1253 3823 1353 3881 animo

34 3923 138 3979 estrei
164 3922 358 3999 pervulgatae
385 3925 496 3984 diutius
523 3925 684 3984 immorari.
739 3924 774 3982 Id
801 3923 860 3983 nisi
887 3925 977 3982 fallor
1003 3923 1133 3982 nondum
1165 3924 1354 4000 exploratum

35 4032 85 4094 est,
111 4041 268 4101 quousque
294 4027 367 4085 haec
394 4028 577 4087 consuetudo
604 4027 764 4086 duraverit.
818 4025 1001 4100 Duravissa,
1035 4026 1083 4084 vel
1111 4032 1191 4085 certe
1222 4026 1353 4085 nondum

35 4125 194 4184 exolevisse
217 4130 401 4203 temporibus
424 4127 528 4190 Severi
551 4129 718 4188 Alexandri
741 4139 867 4206 apparet
892 4147 932 4188 ex
959 4129 1059 4187 verbis
1086 4127 1123 4186 de
1145 4147 1181 4186 ea
1207 4148 1239 4187 re
1265 4127 1353 4188 factis

35 4226 238 4302 amorreus,
261 4231 310 4288 44.
334 4232 383 4304 53,
409 4232 455 4290 17.
480 4232 528 4306 60,
553 4231 602 4306 21,
630 4233 762 4308 loquitur
784 4233 863 4290 enim
886 4240 917 4289 ut
939 4229 975 4290 de
997 4251 1029 4290 ro
1051 4231 1204 4289 etiamtum
1226 4231 1353 4302 usitata3

34 4327 116 4402 plane
138 4331 306 4391 exolevisse
334 4333 453 4392 saeculo
477 4354 506 4411 p.
528 4331 598 4393 Obr.
627 4343 732 4412 quarto
760 4333 875 4393 ridetur
902 4333 974 4392 mibi
1001 4332 1102 4409 colligi
1128 4349 1220 4410 posse
1245 4351 1284 4392 ex
1309 4333 1355 4391 in·

32 4432 237 4510 scriptionibus
261 4436 381 4494 nomina
407 4444 436 4494 et
457 4429 647 4518 προσηγορίας
672 4438 885 4513 imperatorum
912 4436 976 4494 eius
1006 4435 1112 4494 aetatis
1139 4435 1229 4511 plena
1255 4453 1355 4494 recen·

33 4536 171 4594 sentibus.
220 4535 418 4596 Perlustranti
441 4537 517 4598 onim
540 4538 751 4615 inscriptiones
774 4537 958 4598 Diocletiani
980 4547 1010 4596 et
1031 4554 1238 4596 successorum
1266 4538 1354 4596 huius

33 4639 145 4710 generis
165 4655 224 4697 non
240 4639 361 4711 multas,
383 4641 547 4717 apparebit,
570 4643 700 4700 numeris
718 4641 863 4700 vocabulo
884 4640 1073 4716 imperatoris
1088 4639 1248 4717 adscriptis
1264 4640 1355 4717 signi·

34 4738 109 4797 ficari
131 4759 191 4800 non
213 4742 444 4818 qualescumque
467 4743 678 4816 salutationes,
707 4743 761 4803 sed
779 4761 876 4802 ,annos
898 4743 1024 4820 imperii.
1073 4743 1119 4800 Ac
1136 4743 1267 4820 'primum
1290 4743 1356 4817 qui-

32 4839 92 4900 dem
114 4857 322 4903 recenseamus
345 4845 553 4920 inscriptiones
576 4846 662 4905 huius
689 4847 806 4923 generis
834 4863 911 4921 quac
937 4857 1056 4920 praeter
1083 4861 1236 4902 numerum
1263 4845 1356 4919 impc-

34 4946 137 5004 ratoris
158 4947 305 5006 vocabulo
327 4946 511 5023 adscriptum
533 4947 623 5006 etiam
645 4967 799 5007 numerum
818 4947 996 5005 tribuniciae
1020 4946 1178 5023 potestatis
1204 4945 1355 5004 exhibent.

113 5051 140 5106 l.
169 5047 291 5109 Titulus
307 5051 439 5108 urbanus
453 5049 647 5125 Diocletiani,
662 5049 705 5110 VI
722 5050 816 5110 3787:
839 5029 924 5103 trib.
944 5039 1022 5130 pot.
1034 5026 1136 5102 VIIH
1162 5025 1355 5128 imp.VIII.

33 5151 67 5208 A.
89 5148 159 5210 292.

35 5341 233 5350 ——.-—..—

105 5469 128 5534 ¹)
147 5471 220 5523 Mon.
242 5472 336 5538 Ancyr.
359 5475 382 5536 l,
404 5475 449 5525 21.

111 5579 175 5642 Vll
