<?xml version="1.0" encoding="UTF-8"?>
<!DOCTYPE html PUBLIC "-//W3C//DTD XHTML 1.0 Transitional//EN"
    "http://www.w3.org/TR/xhtml1/DTD/xhtml1-transitional.dtd">
<html xmlns="http://www.w3.org/1999/xhtml" xml:lang="en" lang="en">
 <head>
  <title>
</title>
<meta http-equiv="Content-Type" content="text/html;charset=utf-8" />
  <meta name='ocr-system' content='tesseract 3.04.00' />
  <meta name='ocr-capabilities' content='ocr_page ocr_carea ocr_par ocr_line ocrx_word'/>
</head>
<body>
  <div class='ocr_page' id='page_1' title='image "./ephemerisepigra14instgoog_0642.png"; bbox 0 0 3374 5930; ppageno 0'>
   <div class='ocr_carea' id='block_1_1' title="bbox 418 645 1373 722">
    <p class='ocr_par' dir='ltr' id='par_1_1' title="bbox 418 645 1373 722">
     <span class='ocr_line' id='line_1_1' title="bbox 418 645 1373 722; baseline -0.005 0"><span class='ocrx_word' id='word_1_1' title='bbox 418 666 1004 722; x_wconf 80' lang='lat' dir='ltr'><strong>oenevnnrounsarrannrmona.</strong></span> <span class='ocrx_word' id='word_1_2' title='bbox 1300 645 1373 718; x_wconf 88' lang='grc'><strong>403</strong></span> 
     </span>
    </p>
   </div>
   <div class='ocr_carea' id='block_1_2' title="bbox 67 839 1548 2866">
    <p class='ocr_par' dir='ltr' id='par_1_2' title="bbox 70 839 1374 1023">
     <span class='ocr_line' id='line_1_2' title="bbox 70 839 1374 921; baseline -0.002 -21"><span class='ocrx_word' id='word_1_3' title='bbox 70 845 246 902; x_wconf 84' lang='lat' dir='ltr'><strong>demonstrare</strong></span> <span class='ocrx_word' id='word_1_4' title='bbox 270 843 371 920; x_wconf 90' lang='lat' dir='ltr'><strong>possis</strong></span> <span class='ocrx_word' id='word_1_5' title='bbox 394 861 498 904; x_wconf 90' lang='lat' dir='ltr'><strong>manus</strong></span> <span class='ocrx_word' id='word_1_6' title='bbox 521 843 651 904; x_wconf 77' lang='lat' dir='ltr'>edidisse</span> <span class='ocrx_word' id='word_1_7' title='bbox 673 843 738 921; x_wconf 83' lang='lat' dir='ltr'><strong>lege</strong></span> <span class='ocrx_word' id='word_1_8' title='bbox 760 843 934 920; x_wconf 85' lang='lat' dir='ltr'><strong>obligatum.</strong></span> <span class='ocrx_word' id='word_1_9' title='bbox 972 839 1163 918; x_wconf 78' lang='lat' dir='ltr'><strong>Quapropter</strong></span> <span class='ocrx_word' id='word_1_10' title='bbox 1184 848 1217 899; x_wconf 91' lang='lat' dir='ltr'><strong>ut</strong></span> <span class='ocrx_word' id='word_1_11' title='bbox 1238 840 1374 898; x_wconf 90' lang='lat' dir='ltr'><strong>ludorum</strong></span> 
     </span>
     <span class='ocr_line' id='line_1_3' title="bbox 70 941 1332 1023; baseline -0.002 -20"><span class='ocrx_word' id='word_1_12' title='bbox 70 947 139 1004; x_wconf 88' lang='lat' dir='ltr'><strong>editio</strong></span> <span class='ocrx_word' id='word_1_13' title='bbox 158 947 300 1023; x_wconf 85' lang='lat' dir='ltr'><strong>legitima,</strong></span> <span class='ocrx_word' id='word_1_14' title='bbox 324 946 365 1004; x_wconf 87' lang='lat' dir='ltr'><strong>ita</strong></span> <span class='ocrx_word' id='word_1_15' title='bbox 387 947 519 1004; x_wconf 89' lang='lat' dir='ltr'><strong>muneris</strong></span> <span class='ocrx_word' id='word_1_16' title='bbox 542 948 573 1004; x_wconf 95' lang='lat' dir='ltr'><strong>in</strong></span> <span class='ocrx_word' id='word_1_17' title='bbox 595 945 821 1023; x_wconf 87' lang='lat' dir='ltr'><strong>magistratibus</strong></span> <span class='ocrx_word' id='word_1_18' title='bbox 844 945 1012 1004; x_wconf 86' lang='lat' dir='ltr'><strong>voluntaria</strong></span> <span class='ocrx_word' id='word_1_19' title='bbox 1036 951 1066 1001; x_wconf 88' lang='lat' dir='ltr'><strong>et</strong></span> <span class='ocrx_word' id='word_1_20' title='bbox 1087 943 1143 1002; x_wconf 89' lang='lat' dir='ltr'><strong>luit</strong></span> <span class='ocrx_word' id='word_1_21' title='bbox 1163 952 1192 1000; x_wconf 91' lang='lat' dir='ltr'><strong>et</strong></span> <span class='ocrx_word' id='word_1_22' title='bbox 1213 941 1332 1001; x_wconf 86' lang='lat' dir='ltr'><strong>mansit.</strong></span> 
     </span>
    </p>

    <p class='ocr_par' dir='ltr' id='par_1_3' title="bbox 67 1043 1535 2044">
     <span class='ocr_line' id='line_1_4' title="bbox 133 1043 1531 1126; baseline -0.006 -16"><span class='ocrx_word' id='word_1_23' title='bbox 133 1047 306 1110; x_wconf 78' lang='lat' dir='ltr'><strong>Sacerdotes</strong></span> <span class='ocrx_word' id='word_1_24' title='bbox 329 1049 441 1126; x_wconf 88' lang='lat' dir='ltr'><strong>pariter</strong></span> <span class='ocrx_word' id='word_1_25' title='bbox 463 1057 551 1125; x_wconf 87' lang='lat' dir='ltr'><strong>atque</strong></span> <span class='ocrx_word' id='word_1_26' title='bbox 573 1049 766 1126; x_wconf 77' lang='lat' dir='ltr'><strong>magistratus</strong></span> <span class='ocrx_word' id='word_1_27' title='bbox 789 1057 822 1106; x_wconf 92' lang='lat' dir='ltr'><strong>ut</strong></span> <span class='ocrx_word' id='word_1_28' title='bbox 835 1047 951 1106; x_wconf 88' lang='lat' dir='ltr'><strong>Romae</strong></span> <span class='ocrx_word' id='word_1_29' title='bbox 973 1049 1016 1105; x_wconf 90' lang='lat' dir='ltr'><strong>ita</strong></span> <span class='ocrx_word' id='word_1_30' title='bbox 1037 1066 1090 1124; x_wconf 90' lang='lat' dir='ltr'><strong>per</strong></span> <span class='ocrx_word' id='word_1_31' title='bbox 1105 1046 1266 1123; x_wconf 89' lang='lat' dir='ltr'><strong>municipia</strong></span> <span class='ocrx_word' id='word_1_32' title='bbox 1288 1045 1375 1103; x_wconf 92' lang='lat' dir='ltr'><strong>ludos</strong></span> <span class='ocrx_word' id='word_1_33' title='bbox 1413 1043 1531 1094; x_wconf 82' lang='lat' dir='ltr'><strong>sacerdo·</strong></span> 
     </span>
     <span class='ocr_line' id='line_1_5' title="bbox 69 1143 1535 1227; baseline -0.003 -19"><span class='ocrx_word' id='word_1_34' title='bbox 69 1151 160 1210; x_wconf 86' lang='lat' dir='ltr'><strong>iaciunt</strong></span> <span class='ocrx_word' id='word_1_35' title='bbox 184 1152 382 1226; x_wconf 89' lang='lat' dir='ltr'><strong>iubenturque</strong></span> <span class='ocrx_word' id='word_1_36' title='bbox 412 1151 478 1227; x_wconf 83' lang='lat' dir='ltr'><strong>lege</strong></span> <span class='ocrx_word' id='word_1_37' title='bbox 505 1151 639 1209; x_wconf 87' lang='lat' dir='ltr'><strong>coloniae</strong></span> <span class='ocrx_word' id='word_1_38' title='bbox 663 1149 828 1210; x_wconf 83' lang='lat' dir='ltr'><strong>Genetivae</strong></span> <span class='ocrx_word' id='word_1_39' title='bbox 855 1151 990 1227; x_wconf 80' lang='lat' dir='ltr'><strong>magistri</strong></span> <span class='ocrx_word' id='word_1_40' title='bbox 1018 1149 1153 1208; x_wconf 84' lang='lat' dir='ltr'><strong>fanorum</strong></span> <span class='ocrx_word' id='word_1_41' title='bbox 1181 1165 1236 1208; x_wconf 89' lang='lat' dir='ltr'><strong>auc</strong></span> <span class='ocrx_word' id='word_1_42' title='bbox 1265 1147 1376 1223; x_wconf 88' lang='lat' dir='ltr'><strong>quique</strong></span> <span class='ocrx_word' id='word_1_43' title='bbox 1408 1143 1462 1187; x_wconf 84' lang='lat' dir='ltr'><strong>tum</strong></span> <span class='ocrx_word' id='word_1_44' title='bbox 1480 1151 1535 1185; x_wconf 66' lang='lat'>¹³¹¹·</span> 
     </span>
     <span class='ocr_line' id='line_1_6' title="bbox 69 1231 1522 1334; baseline -0.003 -23"><span class='ocrx_word' id='word_1_45' title='bbox 69 1273 129 1312; x_wconf 84' lang='lat' dir='ltr'><strong>anno</strong></span> <span class='ocrx_word' id='word_1_46' title='bbox 157 1254 241 1312; x_wconf 89' lang='lat' dir='ltr'><strong>ludos</strong></span> <span class='ocrx_word' id='word_1_47' title='bbox 273 1253 360 1312; x_wconf 91' lang='lat' dir='ltr'><strong>edere</strong></span> <span class='ocrx_word' id='word_1_48' title='bbox 392 1253 555 1324; x_wconf 76' lang='lat' dir='ltr'><strong>circenses,</strong></span> <span class='ocrx_word' id='word_1_49' title='bbox 588 1251 837 1328; x_wconf 84' lang='lat' dir='ltr'><strong>quemadmodum</strong></span> <span class='ocrx_word' id='word_1_50' title='bbox 865 1253 1041 1312; x_wconf 89' lang='lat' dir='ltr'><strong>decuriones</strong></span> <span class='ocrx_word' id='word_1_51' title='bbox 1069 1247 1294 1326; x_wconf 88' lang='lat' dir='ltr'><strong>censuerint¹);</strong></span> <span class='ocrx_word' id='word_1_52' title='bbox 1327 1250 1378 1308; x_wconf 90' lang='lat' dir='ltr'><strong>sed</strong></span> <span class='ocrx_word' id='word_1_53' title='bbox 1425 1231 1522 1334; x_wconf 66' lang='lat' dir='ltr'><strong>nippa-</strong></span> 
     </span>
     <span class='ocr_line' id='line_1_7' title="bbox 69 1323 1506 1432; baseline -0.001 -20"><span class='ocrx_word' id='word_1_54' title='bbox 69 1356 115 1414; x_wconf 90' lang='lat' dir='ltr'><strong>lndi</strong></span> <span class='ocrx_word' id='word_1_55' title='bbox 138 1355 338 1414; x_wconf 83' lang='lat' dir='ltr'><strong>sacerdotales</strong></span> <span class='ocrx_word' id='word_1_56' title='bbox 367 1375 439 1432; x_wconf 89' lang='lat' dir='ltr'><strong>prae</strong></span> <span class='ocrx_word' id='word_1_57' title='bbox 465 1356 631 1414; x_wconf 91' lang='lat' dir='ltr'><strong>honorariis</strong></span> <span class='ocrx_word' id='word_1_58' title='bbox 659 1364 691 1414; x_wconf 91' lang='lat' dir='ltr'><strong>ut</strong></span> <span class='ocrx_word' id='word_1_59' title='bbox 718 1355 781 1414; x_wconf 91' lang='lat' dir='ltr'><strong>illic</strong></span> <span class='ocrx_word' id='word_1_60' title='bbox 807 1357 849 1414; x_wconf 91' lang='lat' dir='ltr'><strong>ita</strong></span> <span class='ocrx_word' id='word_1_61' title='bbox 877 1355 925 1414; x_wconf 93' lang='lat' dir='ltr'><strong>hic</strong></span> <span class='ocrx_word' id='word_1_62' title='bbox 952 1355 1120 1416; x_wconf 88' lang='lat' dir='ltr'><strong>secundarii</strong></span> <span class='ocrx_word' id='word_1_63' title='bbox 1146 1362 1176 1414; x_wconf 92' lang='lat' dir='ltr'><strong>et</strong></span> <span class='ocrx_word' id='word_1_64' title='bbox 1202 1353 1323 1412; x_wconf 87' lang='lat' dir='ltr'><strong>inerunt</strong></span> <span class='ocrx_word' id='word_1_65' title='bbox 1349 1361 1378 1410; x_wconf 90' lang='lat' dir='ltr'><strong>et</strong></span> <span class='ocrx_word' id='word_1_66' title='bbox 1442 1323 1506 1372; x_wconf 55' lang='grc' dir='ltr'><strong>ιω</strong></span> 
     </span>
     <span class='ocr_line' id='line_1_8' title="bbox 69 1456 1378 1517; baseline -0.002 -3"><span class='ocrx_word' id='word_1_67' title='bbox 69 1469 228 1517; x_wconf 87' lang='lat' dir='ltr'><strong>manserant.</strong></span> <span class='ocrx_word' id='word_1_68' title='bbox 273 1457 308 1516; x_wconf 91' lang='lat' dir='ltr'><strong>In</strong></span> <span class='ocrx_word' id='word_1_69' title='bbox 337 1457 426 1516; x_wconf 89' lang='lat' dir='ltr'><strong>Italia</strong></span> <span class='ocrx_word' id='word_1_70' title='bbox 459 1467 538 1516; x_wconf 90' lang='lat' dir='ltr'><strong>certe</strong></span> <span class='ocrx_word' id='word_1_71' title='bbox 570 1476 636 1516; x_wconf 89' lang='lat' dir='ltr'><strong>oum</strong></span> <span class='ocrx_word' id='word_1_72' title='bbox 670 1458 820 1517; x_wconf 84' lang='lat' dir='ltr'><strong>abundent</strong></span> <span class='ocrx_word' id='word_1_73' title='bbox 852 1457 930 1516; x_wconf 87' lang='lat' dir='ltr'><strong>tituli</strong></span> <span class='ocrx_word' id='word_1_74' title='bbox 962 1475 1115 1516; x_wconf 87' lang='lat' dir='ltr'><strong>munerum</strong></span> <span class='ocrx_word' id='word_1_75' title='bbox 1151 1456 1378 1514; x_wconf 89' lang='lat' dir='ltr'><strong>honorariorum</strong></span> 
     </span>
     <span class='ocr_line' id='line_1_9' title="bbox 70 1557 1381 1637; baseline -0.002 -20"><span class='ocrx_word' id='word_1_76' title='bbox 70 1571 155 1632; x_wconf 87' lang='lat' dir='ltr'><strong>testes,</strong></span> <span class='ocrx_word' id='word_1_77' title='bbox 182 1559 315 1636; x_wconf 89' lang='lat' dir='ltr'><strong>equidem</strong></span> <span class='ocrx_word' id='word_1_78' title='bbox 338 1579 375 1618; x_wconf 90' lang='lat' dir='ltr'><strong>ne</strong></span> <span class='ocrx_word' id='word_1_79' title='bbox 396 1579 487 1617; x_wconf 89' lang='lat' dir='ltr'><strong>annm</strong></span> <span class='ocrx_word' id='word_1_80' title='bbox 508 1559 625 1637; x_wconf 87' lang='lat' dir='ltr'><strong>quidem</strong></span> <span class='ocrx_word' id='word_1_81' title='bbox 655 1561 766 1634; x_wconf 85' lang='lat' dir='ltr'><strong>inveni,</strong></span> <span class='ocrx_word' id='word_1_82' title='bbox 794 1561 871 1620; x_wconf 90' lang='lat' dir='ltr'><strong>unde</strong></span> <span class='ocrx_word' id='word_1_83' title='bbox 893 1559 1017 1637; x_wconf 84' lang='lat' dir='ltr'><strong>colligas</strong></span> <span class='ocrx_word' id='word_1_84' title='bbox 1045 1559 1228 1619; x_wconf 84' lang='lat' dir='ltr'><strong>sacerdotem</strong></span> <span class='ocrx_word' id='word_1_85' title='bbox 1258 1557 1381 1616; x_wconf 91' lang='lat' dir='ltr'><strong>manici·</strong></span> 
     </span>
     <span class='ocr_line' id='line_1_10' title="bbox 70 1660 1380 1738; baseline 0 -20"><span class='ocrx_word' id='word_1_86' title='bbox 70 1663 147 1736; x_wconf 82' lang='lat' dir='ltr'><strong>palem</strong></span> <span class='ocrx_word' id='word_1_87' title='bbox 174 1663 211 1720; x_wconf 90' lang='lat' dir='ltr'><strong>ab</strong></span> <span class='ocrx_word' id='word_1_88' title='bbox 239 1681 303 1720; x_wconf 88' lang='lat' dir='ltr'><strong>eam</strong></span> <span class='ocrx_word' id='word_1_89' title='bbox 331 1680 451 1721; x_wconf 86' lang='lat' dir='ltr'><strong>causam</strong></span> <span class='ocrx_word' id='word_1_90' title='bbox 481 1679 587 1720; x_wconf 87' lang='lat' dir='ltr'><strong>munna</strong></span> <span class='ocrx_word' id='word_1_91' title='bbox 614 1660 791 1737; x_wconf 66' lang='lat' dir='ltr'><strong>edidissell.</strong></span> <span class='ocrx_word' id='word_1_92' title='bbox 835 1662 885 1720; x_wconf 83' lang='lat' dir='ltr'><strong>Ex</strong></span> <span class='ocrx_word' id='word_1_93' title='bbox 914 1661 1147 1738; x_wconf 85' lang='lat' dir='ltr'><strong>provincialibus</strong></span> <span class='ocrx_word' id='word_1_94' title='bbox 1170 1668 1268 1720; x_wconf 88' lang='lat' dir='ltr'><strong>autem</strong></span> <span class='ocrx_word' id='word_1_95' title='bbox 1292 1676 1380 1734; x_wconf 89' lang='lat' dir='ltr'><strong>quem</strong></span> 
     </span>
     <span class='ocr_line' id='line_1_11' title="bbox 70 1761 1382 1841; baseline -0.002 -21"><span class='ocrx_word' id='word_1_96' title='bbox 70 1781 142 1822; x_wconf 89' lang='lat' dir='ltr'><strong>annm</strong></span> <span class='ocrx_word' id='word_1_97' title='bbox 163 1765 229 1823; x_wconf 90' lang='lat' dir='ltr'><strong>eius</strong></span> <span class='ocrx_word' id='word_1_98' title='bbox 251 1765 416 1841; x_wconf 84' lang='lat' dir='ltr'><strong>argumenti</strong></span> <span class='ocrx_word' id='word_1_99' title='bbox 444 1765 543 1823; x_wconf 78' lang='lat' dir='ltr'><strong>inveni</strong></span> <span class='ocrx_word' id='word_1_100' title='bbox 568 1764 742 1824; x_wconf 82' lang='lat' dir='ltr'><strong>Africanum</strong></span> <span class='ocrx_word' id='word_1_101' title='bbox 768 1765 898 1841; x_wconf 90' lang='lat' dir='ltr'><strong>positum</strong></span> <span class='ocrx_word' id='word_1_102' title='bbox 922 1765 960 1822; x_wconf 91' lang='lat' dir='ltr'><strong>ob</strong></span> <span class='ocrx_word' id='word_1_103' title='bbox 986 1765 1156 1824; x_wconf 89' lang='lat' dir='ltr'><strong>flamonium</strong></span> <span class='ocrx_word' id='word_1_104' title='bbox 1183 1781 1329 1833; x_wconf 89' lang='lat' dir='ltr'><strong>annuam,</strong></span> <span class='ocrx_word' id='word_1_105' title='bbox 1356 1761 1382 1819; x_wconf 92' lang='lat' dir='ltr'><strong>is</strong></span> 
     </span>
     <span class='ocr_line' id='line_1_12' title="bbox 69 1863 1384 1944; baseline 0.001 -23"><span class='ocrx_word' id='word_1_106' title='bbox 69 1867 294 1926; x_wconf 85' lang='lat' dir='ltr'><strong>consuetudinem</strong></span> <span class='ocrx_word' id='word_1_107' title='bbox 322 1867 500 1926; x_wconf 89' lang='lat' dir='ltr'><strong>contrariam</strong></span> <span class='ocrx_word' id='word_1_108' title='bbox 529 1865 698 1938; x_wconf 80' lang='lat' dir='ltr'><strong>confirmat3</strong></span> <span class='ocrx_word' id='word_1_109' title='bbox 727 1867 784 1925; x_wconf 89' lang='lat' dir='ltr'><strong>hoc</strong></span> <span class='ocrx_word' id='word_1_110' title='bbox 811 1867 889 1926; x_wconf 90' lang='lat' dir='ltr'><strong>enim</strong></span> <span class='ocrx_word' id='word_1_111' title='bbox 917 1885 1024 1927; x_wconf 89' lang='lat' dir='ltr'><strong>munus</strong></span> <span class='ocrx_word' id='word_1_112' title='bbox 1048 1869 1098 1944; x_wconf 93' lang='lat' dir='ltr'><strong>qui</strong></span> <span class='ocrx_word' id='word_1_113' title='bbox 1122 1867 1226 1940; x_wconf 82' lang='lat' dir='ltr'><strong>edidit,</strong></span> <span class='ocrx_word' id='word_1_114' title='bbox 1255 1864 1327 1923; x_wconf 81' lang='lat' dir='ltr'><strong>lecit</strong></span> <span class='ocrx_word' id='word_1_115' title='bbox 1353 1863 1384 1922; x_wconf 94' lang='lat' dir='ltr'><strong>id</strong></span> 
     </span>
     <span class='ocr_line' id='line_1_13' title="bbox 67 1967 524 2044; baseline -0.004 -16"><span class='ocrx_word' id='word_1_116' title='bbox 67 1973 158 2042; x_wconf 71' lang='lat' dir='ltr'><strong>numus</strong></span> <span class='ocrx_word' id='word_1_117' title='bbox 181 1989 200 2026; x_wconf 91' lang='lat' dir='ltr'><strong>a</strong></span> <span class='ocrx_word' id='word_1_118' title='bbox 223 1971 337 2028; x_wconf 84' lang='lat' dir='ltr'><strong>condita</strong></span> <span class='ocrx_word' id='word_1_119' title='bbox 359 1967 524 2044; x_wconf 66' lang='lat' dir='ltr'><strong>civitotel).</strong></span> 
     </span>
    </p>

    <p class='ocr_par' dir='ltr' id='par_1_4' title="bbox 68 2069 1548 2866">
     <span class='ocr_line' id='line_1_14' title="bbox 135 2069 1534 2150; baseline -0.008 -20"><span class='ocrx_word' id='word_1_120' title='bbox 135 2069 195 2130; x_wconf 89' lang='lat' dir='ltr'><strong>Sed</strong></span> <span class='ocrx_word' id='word_1_121' title='bbox 216 2071 328 2130; x_wconf 83' lang='lat' dir='ltr'><strong>id&#39;uon</strong></span> <span class='ocrx_word' id='word_1_122' title='bbox 350 2073 485 2149; x_wconf 87' lang='lat' dir='ltr'><strong>pervenit</strong></span> <span class='ocrx_word' id='word_1_123' title='bbox 507 2071 545 2130; x_wconf 88' lang='lat' dir='ltr'><strong>ad</strong></span> <span class='ocrx_word' id='word_1_124' title='bbox 567 2072 740 2130; x_wconf 85' lang='lat' dir='ltr'><strong>secerdotes</strong></span> <span class='ocrx_word' id='word_1_125' title='bbox 763 2071 918 2148; x_wconf 83' lang='lat' dir='ltr'><strong>regionum</strong></span> <span class='ocrx_word' id='word_1_126' title='bbox 941 2081 971 2130; x_wconf 91' lang='lat' dir='ltr'><strong>et</strong></span> <span class='ocrx_word' id='word_1_127' title='bbox 993 2071 1223 2150; x_wconf 87' lang='lat' dir='ltr'><strong>provinciarum.</strong></span> <span class='ocrx_word' id='word_1_128' title='bbox 1266 2069 1382 2130; x_wconf 87' lang='lat' dir='ltr'><strong>Unicus</strong></span> <span class='ocrx_word' id='word_1_129' title='bbox 1424 2071 1534 2122; x_wconf 80' lang='lat' dir='ltr'><strong>Munera</strong></span> 
     </span>
     <span class='ocr_line' id='line_1_15' title="bbox 68 2164 1534 2250; baseline -0.001 -22"><span class='ocrx_word' id='word_1_130' title='bbox 68 2174 118 2230; x_wconf 89' lang='lat' dir='ltr'><strong>eins</strong></span> <span class='ocrx_word' id='word_1_131' title='bbox 139 2173 321 2232; x_wconf 90' lang='lat' dir='ltr'><strong>condicionis</strong></span> <span class='ocrx_word' id='word_1_132' title='bbox 344 2191 430 2250; x_wconf 87' lang='lat' dir='ltr'><strong>quern</strong></span> <span class='ocrx_word' id='word_1_133' title='bbox 453 2173 594 2232; x_wconf 83' lang='lat' dir='ltr'><strong>initalia</strong></span> <span class='ocrx_word' id='word_1_134' title='bbox 616 2175 754 2232; x_wconf 90' lang='lat' dir='ltr'><strong>novimus</strong></span> <span class='ocrx_word' id='word_1_135' title='bbox 777 2174 917 2232; x_wconf 89' lang='lat' dir='ltr'><strong>sacerdos</strong></span> <span class='ocrx_word' id='word_1_136' title='bbox 940 2175 1004 2232; x_wconf 86' lang='lat' dir='ltr'><strong>sive</strong></span> <span class='ocrx_word' id='word_1_137' title='bbox 1025 2181 1187 2232; x_wconf 89' lang='lat' dir='ltr'><strong>coronatas</strong></span> <span class='ocrx_word' id='word_1_138' title='bbox 1202 2171 1331 2231; x_wconf 88' lang='lat' dir='ltr'><strong>Tusciae</strong></span> <span class='ocrx_word' id='word_1_139' title='bbox 1354 2178 1384 2230; x_wconf 90' lang='lat' dir='ltr'><strong>et</strong></span> <span class='ocrx_word' id='word_1_140' title='bbox 1426 2180 1458 2214; x_wconf 72' lang='lat'><strong>0¹</strong></span> <span class='ocrx_word' id='word_1_141' title='bbox 1478 2164 1534 2228; x_wconf 65' lang='lat'><strong>¹³80</strong></span> 
     </span>
     <span class='ocr_line' id='line_1_16' title="bbox 68 2257 1543 2352; baseline -0.001 -20"><span class='ocrx_word' id='word_1_142' title='bbox 68 2273 195 2334; x_wconf 87' lang='lat' dir='ltr'><strong>Umbriae</strong></span> <span class='ocrx_word' id='word_1_143' title='bbox 222 2287 298 2334; x_wconf 89' lang='lat' dir='ltr'><strong>teste</strong></span> <span class='ocrx_word' id='word_1_144' title='bbox 321 2273 519 2335; x_wconf 82' lang='lat' dir='ltr'><strong>Constantino</strong></span> <span class='ocrx_word' id='word_1_145' title='bbox 542 2277 700 2352; x_wconf 84' lang='lat' dir='ltr'><strong>quotannis</strong></span> <span class='ocrx_word' id='word_1_146' title='bbox 727 2278 809 2352; x_wconf 86' lang='lat' dir='ltr'><strong>opud</strong></span> <span class='ocrx_word' id='word_1_147' title='bbox 828 2276 973 2336; x_wconf 84' lang='lat' dir='ltr'><strong>Vulsinios</strong></span> <span class='ocrx_word' id='word_1_148' title='bbox 997 2276 1078 2335; x_wconf 84' lang='lat' dir='ltr'><strong>ludos</strong></span> <span class='ocrx_word' id='word_1_149' title='bbox 1101 2279 1242 2334; x_wconf 86' lang='lat' dir='ltr'><strong>scaenicos</strong></span> <span class='ocrx_word' id='word_1_150' title='bbox 1270 2285 1296 2334; x_wconf 88' lang='lat' dir='ltr'><strong>et</strong></span> <span class='ocrx_word' id='word_1_151' title='bbox 1319 2273 1383 2350; x_wconf 81' lang='lat' dir='ltr'><strong>pla-</strong></span> <span class='ocrx_word' id='word_1_152' title='bbox 1415 2257 1485 2307; x_wconf 61' lang='lat'><strong>“¹³²⁸</strong></span> <span class='ocrx_word' id='word_1_153' title='bbox 1503 2270 1543 2305; x_wconf 75' lang='lat'><strong>³⁸·</strong></span> 
     </span>
     <span class='ocr_line' id='line_1_17' title="bbox 70 2348 1548 2454; baseline -0.001 -20"><span class='ocrx_word' id='word_1_154' title='bbox 70 2377 195 2437; x_wconf 78' lang='lat' dir='ltr'><strong>datorum</strong></span> <span class='ocrx_word' id='word_1_155' title='bbox 220 2397 322 2436; x_wconf 84' lang='lat' dir='ltr'><strong>manas</strong></span> <span class='ocrx_word' id='word_1_156' title='bbox 348 2377 519 2452; x_wconf 68' lang='lat' dir='ltr'><strong>eatibaiti).</strong></span> <span class='ocrx_word' id='word_1_157' title='bbox 565 2376 707 2436; x_wconf 85' lang='lat' dir='ltr'><strong>Umbriae</strong></span> <span class='ocrx_word' id='word_1_158' title='bbox 734 2378 868 2438; x_wconf 88' lang='lat' dir='ltr'><strong>civitates</strong></span> <span class='ocrx_word' id='word_1_159' title='bbox 895 2387 1055 2454; x_wconf 86' lang='lat' dir='ltr'><strong>postquam</strong></span> <span class='ocrx_word' id='word_1_160' title='bbox 1081 2377 1213 2438; x_wconf 90' lang='lat' dir='ltr'><strong>eiusdem</strong></span> <span class='ocrx_word' id='word_1_161' title='bbox 1240 2376 1384 2453; x_wconf 89' lang='lat' dir='ltr'><strong>principis</strong></span> <span class='ocrx_word' id='word_1_162' title='bbox 1416 2348 1548 2454; x_wconf 68' lang='lat' dir='ltr'><strong>ceruorum</strong></span> 
     </span>
     <span class='ocr_line' id='line_1_18' title="bbox 68 2455 1533 2586; baseline 0.003 -53"><span class='ocrx_word' id='word_1_163' title='bbox 68 2479 138 2538; x_wconf 90' lang='lat' dir='ltr'><strong>iussu</strong></span> <span class='ocrx_word' id='word_1_164' title='bbox 159 2492 314 2558; x_wconf 86' lang='lat' dir='ltr'><strong>separatae</strong></span> <span class='ocrx_word' id='word_1_165' title='bbox 336 2482 373 2540; x_wconf 87' lang='lat' dir='ltr'><strong>ab</strong></span> <span class='ocrx_word' id='word_1_166' title='bbox 388 2480 523 2539; x_wconf 80' lang='lat' dir='ltr'><strong>Etruscis</strong></span> <span class='ocrx_word' id='word_1_167' title='bbox 546 2481 699 2557; x_wconf 90' lang='lat' dir='ltr'><strong>proprium</strong></span> <span class='ocrx_word' id='word_1_168' title='bbox 716 2499 869 2539; x_wconf 90' lang='lat' dir='ltr'><strong>commune</strong></span> <span class='ocrx_word' id='word_1_169' title='bbox 886 2481 1026 2550; x_wconf 86' lang='lat' dir='ltr'><strong>efficiunt,</strong></span> <span class='ocrx_word' id='word_1_170' title='bbox 1049 2481 1200 2552; x_wconf 90' lang='lat' dir='ltr'><strong>sacerdos,</strong></span> <span class='ocrx_word' id='word_1_171' title='bbox 1223 2499 1310 2556; x_wconf 91' lang='lat' dir='ltr'><strong>quem</strong></span> <span class='ocrx_word' id='word_1_172' title='bbox 1333 2499 1384 2538; x_wconf 88' lang='lat' dir='ltr'><strong>an·</strong></span> <span class='ocrx_word' id='word_1_173' title='bbox 1430 2455 1533 2586; x_wconf 47' lang='lat' dir='ltr'><strong>iffi]</strong></span> 
     </span>
     <span class='ocr_line' id='line_1_19' title="bbox 69 2581 1386 2660; baseline 0.002 -22"><span class='ocrx_word' id='word_1_174' title='bbox 69 2582 214 2642; x_wconf 84' lang='lat' dir='ltr'><strong>nirersarla</strong></span> <span class='ocrx_word' id='word_1_175' title='bbox 240 2587 304 2643; x_wconf 76' lang='lat' dir='ltr'><strong>tice</strong></span> <span class='ocrx_word' id='word_1_176' title='bbox 327 2581 453 2642; x_wconf 87' lang='lat' dir='ltr'><strong>Umbria</strong></span> <span class='ocrx_word' id='word_1_177' title='bbox 479 2583 622 2654; x_wconf 89' lang='lat' dir='ltr'><strong>dedisset,</strong></span> <span class='ocrx_word' id='word_1_178' title='bbox 657 2582 732 2660; x_wconf 90' lang='lat' dir='ltr'><strong>apud</strong></span> <span class='ocrx_word' id='word_1_179' title='bbox 763 2581 935 2660; x_wconf 89' lang='lat' dir='ltr'><strong>Hispellum</strong></span> <span class='ocrx_word' id='word_1_180' title='bbox 963 2583 1082 2642; x_wconf 88' lang='lat' dir='ltr'><strong>iubetur</strong></span> <span class='ocrx_word' id='word_1_181' title='bbox 1110 2581 1301 2660; x_wconf 81' lang='lat' dir='ltr'><strong>spectaculum</strong></span> <span class='ocrx_word' id='word_1_182' title='bbox 1328 2591 1386 2640; x_wconf 90' lang='lat' dir='ltr'><strong>tam</strong></span> 
     </span>
     <span class='ocr_line' id='line_1_20' title="bbox 71 2684 1386 2762; baseline 0.002 -22"><span class='ocrx_word' id='word_1_183' title='bbox 71 2690 246 2744; x_wconf 77' lang='lat' dir='ltr'><strong>acumicorum</strong></span> <span class='ocrx_word' id='word_1_184' title='bbox 273 2687 403 2744; x_wconf 84' lang='lat' dir='ltr'><strong>ludorum</strong></span> <span class='ocrx_word' id='word_1_185' title='bbox 430 2704 515 2762; x_wconf 88' lang='lat' dir='ltr'><strong>quam</strong></span> <span class='ocrx_word' id='word_1_186' title='bbox 541 2685 714 2761; x_wconf 83' lang='lat' dir='ltr'><strong>pladiatorii</strong></span> <span class='ocrx_word' id='word_1_187' title='bbox 741 2689 866 2745; x_wconf 85' lang='lat' dir='ltr'><strong>muneris</strong></span> <span class='ocrx_word' id='word_1_188' title='bbox 892 2685 1067 2762; x_wconf 65' lang='lat' dir='ltr'><strong>mitteret).</strong></span> <span class='ocrx_word' id='word_1_189' title='bbox 1110 2685 1242 2746; x_wconf 76' lang='lat' dir='ltr'><strong>Flamini</strong></span> <span class='ocrx_word' id='word_1_190' title='bbox 1269 2684 1386 2743; x_wconf 88' lang='lat' dir='ltr'><strong>cuidam</strong></span> 
     </span>
     <span class='ocr_line' id='line_1_21' title="bbox 72 2787 1387 2866; baseline 0.001 -23"><span class='ocrx_word' id='word_1_191' title='bbox 72 2789 222 2861; x_wconf 77' lang='lat' dir='ltr'><strong>prouinciae</strong></span> <span class='ocrx_word' id='word_1_192' title='bbox 236 2787 377 2847; x_wconf 84' lang='lat' dir='ltr'><strong>Baeticae</strong></span> <span class='ocrx_word' id='word_1_193' title='bbox 400 2797 499 2847; x_wconf 87' lang='lat' dir='ltr'><strong>statua</strong></span> <span class='ocrx_word' id='word_1_194' title='bbox 521 2787 674 2846; x_wconf 89' lang='lat' dir='ltr'><strong>dedicatur</strong></span> <span class='ocrx_word' id='word_1_195' title='bbox 696 2789 770 2846; x_wconf 88' lang='lat' dir='ltr'><strong>edito</strong></span> <span class='ocrx_word' id='word_1_196' title='bbox 793 2789 826 2847; x_wconf 87' lang='lat' dir='ltr'><strong>ob</strong></span> <span class='ocrx_word' id='word_1_197' title='bbox 849 2789 982 2848; x_wconf 81' lang='lat' dir='ltr'><strong>donarent</strong></span> <span class='ocrx_word' id='word_1_198' title='bbox 998 2791 1169 2866; x_wconf 80' lang='lat' dir='ltr'><strong>flammatus</strong></span> <span class='ocrx_word' id='word_1_199' title='bbox 1190 2805 1302 2848; x_wconf 84' lang='lat' dir='ltr'><strong>manere</strong></span> <span class='ocrx_word' id='word_1_200' title='bbox 1322 2787 1387 2864; x_wconf 83' lang='lat' dir='ltr'><strong>pla-</strong></span> 
     </span>
    </p>
   </div>
   <div class='ocr_carea' id='block_1_3' title="bbox 73 2888 1388 2968">
    <p class='ocr_par' dir='ltr' id='par_1_5' title="bbox 73 2888 1388 2968">
     <span class='ocr_line' id='line_1_22' title="bbox 73 2888 1388 2968; baseline 0.005 -25"><span class='ocrx_word' id='word_1_201' title='bbox 73 2889 179 2950; x_wconf 83' lang='lat' dir='ltr'><strong>dietario</strong></span> <span class='ocrx_word' id='word_1_202' title='bbox 212 2901 240 2949; x_wconf 88' lang='lat' dir='ltr'><strong>et</strong></span> <span class='ocrx_word' id='word_1_203' title='bbox 270 2891 379 2949; x_wconf 84' lang='lat' dir='ltr'><strong>duabus</strong></span> <span class='ocrx_word' id='word_1_204' title='bbox 413 2888 664 2968; x_wconf 80' lang='lat' dir='ltr'><strong>laesionib(aa)⁶).</strong></span> <span class='ocrx_word' id='word_1_205' title='bbox 711 2891 843 2950; x_wconf 88' lang='lat' dir='ltr'><strong>Muneris</strong></span> <span class='ocrx_word' id='word_1_206' title='bbox 878 2891 948 2950; x_wconf 89' lang='lat' dir='ltr'><strong>editi</strong></span> <span class='ocrx_word' id='word_1_207' title='bbox 982 2911 1001 2950; x_wconf 89' lang='lat' dir='ltr'><strong>a</strong></span> <span class='ocrx_word' id='word_1_208' title='bbox 1033 2889 1188 2952; x_wconf 79' lang='lat' dir='ltr'><strong>sac‘erdote</strong></span> <span class='ocrx_word' id='word_1_209' title='bbox 1214 2890 1388 2968; x_wconf 82' lang='lat' dir='ltr'><strong>provinciae</strong></span> 
     </span>
    </p>
   </div>
   <div class='ocr_carea' id='block_1_4' title="bbox 72 2991 1390 3379">
    <p class='ocr_par' dir='ltr' id='par_1_6' title="bbox 72 2991 1390 3379">
     <span class='ocr_line' id='line_1_23' title="bbox 73 2991 1389 3072; baseline 0.005 -26"><span class='ocrx_word' id='word_1_210' title='bbox 73 2991 178 3051; x_wconf 79' lang='lat' dir='ltr'><strong>Africae</strong></span> <span class='ocrx_word' id='word_1_211' title='bbox 205 2993 339 3052; x_wconf 87' lang='lat' dir='ltr'><strong>meminit</strong></span> <span class='ocrx_word' id='word_1_212' title='bbox 365 2993 601 3070; x_wconf 73' lang='lat' dir='ltr'><strong>Augustinasl).</strong></span> <span class='ocrx_word' id='word_1_213' title='bbox 646 2995 786 3071; x_wconf 85' lang='lat' dir='ltr'><strong>Ancyrae</strong></span> <span class='ocrx_word' id='word_1_214' title='bbox 813 2993 890 3052; x_wconf 92' lang='lat' dir='ltr'><strong>inter</strong></span> <span class='ocrx_word' id='word_1_215' title='bbox 916 2995 1100 3070; x_wconf 87' lang='lat' dir='ltr'><strong>perscriptas</strong></span> <span class='ocrx_word' id='word_1_216' title='bbox 1126 2995 1158 3052; x_wconf 93' lang='lat' dir='ltr'><strong>in</strong></span> <span class='ocrx_word' id='word_1_217' title='bbox 1187 3003 1257 3054; x_wconf 87' lang='lat' dir='ltr'><strong>anta</strong></span> <span class='ocrx_word' id='word_1_218' title='bbox 1284 2995 1389 3072; x_wconf 79' lang='lat' dir='ltr'><strong>Augu-</strong></span> 
     </span>
     <span class='ocr_line' id='line_1_24' title="bbox 73 3095 1389 3174; baseline 0.005 -26"><span class='ocrx_word' id='word_1_219' title='bbox 73 3095 118 3151; x_wconf 83' lang='lat' dir='ltr'><strong>stei</strong></span> <span class='ocrx_word' id='word_1_220' title='bbox 146 3095 312 3172; x_wconf 88' lang='lat' dir='ltr'><strong>complures</strong></span> <span class='ocrx_word' id='word_1_221' title='bbox 341 3096 508 3173; x_wconf 82' lang='lat' dir='ltr'><strong>voluptates</strong></span> <span class='ocrx_word' id='word_1_222' title='bbox 541 3095 638 3154; x_wconf 90' lang='lat' dir='ltr'><strong>editas</strong></span> <span class='ocrx_word' id='word_1_223' title='bbox 665 3096 760 3154; x_wconf 90' lang='lat' dir='ltr'><strong>tribus</strong></span> <span class='ocrx_word' id='word_1_224' title='bbox 793 3095 913 3173; x_wconf 89' lang='lat' dir='ltr'><strong>populis</strong></span> <span class='ocrx_word' id='word_1_225' title='bbox 943 3095 1092 3156; x_wconf 85' lang='lat' dir='ltr'><strong>Galaticis</strong></span> <span class='ocrx_word' id='word_1_226' title='bbox 1119 3116 1243 3156; x_wconf 90' lang='lat' dir='ltr'><strong>munera</strong></span> <span class='ocrx_word' id='word_1_227' title='bbox 1274 3096 1389 3174; x_wconf 83' lang='lat' dir='ltr'><strong>gladia-</strong></span> 
     </span>
     <span class='ocr_line' id='line_1_25' title="bbox 72 3197 1390 3276; baseline 0.005 -26"><span class='ocrx_word' id='word_1_228' title='bbox 72 3197 136 3254; x_wconf 88' lang='lat' dir='ltr'><strong>toria</strong></span> <span class='ocrx_word' id='word_1_229' title='bbox 159 3207 188 3256; x_wconf 88' lang='lat' dir='ltr'><strong>et</strong></span> <span class='ocrx_word' id='word_1_230' title='bbox 209 3197 364 3258; x_wconf 79' lang='lat' dir='ltr'><strong>venatoria</strong></span> <span class='ocrx_word' id='word_1_231' title='bbox 388 3197 502 3276; x_wconf 90' lang='lat' dir='ltr'><strong>passim</strong></span> <span class='ocrx_word' id='word_1_232' title='bbox 529 3197 770 3275; x_wconf 55' lang='lat' dir='ltr'><strong>recensentem).</strong></span> <span class='ocrx_word' id='word_1_233' title='bbox 813 3198 954 3275; x_wconf 87' lang='lat' dir='ltr'><strong>Denique</strong></span> <span class='ocrx_word' id='word_1_234' title='bbox 979 3199 1016 3258; x_wconf 87' lang='lat' dir='ltr'><strong>de</strong></span> <span class='ocrx_word' id='word_1_235' title='bbox 1043 3200 1213 3258; x_wconf 90' lang='lat' dir='ltr'><strong>muneribus</strong></span> <span class='ocrx_word' id='word_1_236' title='bbox 1240 3198 1329 3258; x_wconf 88' lang='lat' dir='ltr'><strong>editis</strong></span> <span class='ocrx_word' id='word_1_237' title='bbox 1352 3199 1390 3257; x_wconf 89' lang='lat' dir='ltr'><strong>ab</strong></span> 
     </span>
     <span class='ocr_line' id='line_1_26' title="bbox 72 3299 1390 3379; baseline 0.003 -23"><span class='ocrx_word' id='word_1_238' title='bbox 72 3299 215 3360; x_wconf 80' lang='lat' dir='ltr'><strong>Asiarchis</strong></span> <span class='ocrx_word' id='word_1_239' title='bbox 241 3300 415 3360; x_wconf 87' lang='lat' dir='ltr'><strong>testimonia</strong></span> <span class='ocrx_word' id='word_1_240' title='bbox 441 3300 594 3379; x_wconf 89' lang='lat' dir='ltr'><strong>complura</strong></span> <span class='ocrx_word' id='word_1_241' title='bbox 622 3301 659 3359; x_wconf 86' lang='lat' dir='ltr'><strong>ad</strong></span> <span class='ocrx_word' id='word_1_242' title='bbox 688 3319 744 3360; x_wconf 89' lang='lat' dir='ltr'><strong>nos</strong></span> <span class='ocrx_word' id='word_1_243' title='bbox 771 3300 1018 3378; x_wconf 71' lang='lat' dir='ltr'><strong>perveneruut9).</strong></span> <span class='ocrx_word' id='word_1_244' title='bbox 1067 3301 1127 3360; x_wconf 88' lang='lat' dir='ltr'><strong>Per</strong></span> <span class='ocrx_word' id='word_1_245' title='bbox 1152 3301 1243 3378; x_wconf 81' lang='lat' dir='ltr'><strong>longa</strong></span> <span class='ocrx_word' id='word_1_246' title='bbox 1269 3301 1390 3360; x_wconf 85' lang='lat' dir='ltr'><strong>saecula</strong></span> 
     </span>
    </p>
   </div>
   <div class='ocr_carea' id='block_1_5' title="bbox 74 3465 262 3478">
    <p class='ocr_par' dir='ltr' id='par_1_7' title="bbox 74 3465 262 3478">
     <span class='ocr_line' id='line_1_27' title="bbox 74 3465 262 3478; baseline 0.011 -2"><span class='ocrx_word' id='word_1_247' title='bbox 74 3465 262 3478; x_wconf 50' lang='grc' dir='ltr'><em>Ἣ</em></span> 
     </span>
    </p>
   </div>
   <div class='ocr_carea' id='block_1_6' title="bbox 72 3589 1401 5330">
    <p class='ocr_par' dir='ltr' id='par_1_8' title="bbox 140 3589 296 3650">
     <span class='ocr_line' id='line_1_28' title="bbox 140 3589 296 3650; baseline 0 -8"><span class='ocrx_word' id='word_1_248' title='bbox 140 3589 162 3650; x_wconf 80' lang='lat'><strong>¹)</strong></span> <span class='ocrx_word' id='word_1_249' title='bbox 190 3591 219 3642; x_wconf 81' lang='grc' dir='ltr'><strong>Ο.</strong></span> <span class='ocrx_word' id='word_1_250' title='bbox 235 3594 296 3643; x_wconf 79' lang='lat' dir='ltr'><strong>lta.</strong></span> 
     </span>
    </p>

    <p class='ocr_par' dir='ltr' id='par_1_9' title="bbox 72 3680 1393 4029">
     <span class='ocr_line' id='line_1_29' title="bbox 138 3680 1391 3752; baseline 0.002 -17"><span class='ocrx_word' id='word_1_251' title='bbox 138 3680 161 3746; x_wconf 85' lang='lat'><strong>²)</strong></span> <span class='ocrx_word' id='word_1_252' title='bbox 190 3685 257 3735; x_wconf 92' lang='lat' dir='ltr'><strong>Dico</strong></span> <span class='ocrx_word' id='word_1_253' title='bbox 276 3685 373 3735; x_wconf 89' lang='lat' dir='ltr'><strong>nullam</strong></span> <span class='ocrx_word' id='word_1_254' title='bbox 394 3701 436 3735; x_wconf 87' lang='lat' dir='ltr'><strong>me</strong></span> <span class='ocrx_word' id='word_1_255' title='bbox 454 3685 582 3736; x_wconf 84' lang='lat' dir='ltr'><strong>invenisse</strong></span> <span class='ocrx_word' id='word_1_256' title='bbox 602 3685 708 3736; x_wconf 85' lang='lat' dir='ltr'><strong>honoris</strong></span> <span class='ocrx_word' id='word_1_257' title='bbox 728 3699 860 3750; x_wconf 87' lang='lat' dir='ltr'><strong>capacem,</strong></span> <span class='ocrx_word' id='word_1_258' title='bbox 880 3687 923 3752; x_wconf 91' lang='lat' dir='ltr'><strong>qui</strong></span> <span class='ocrx_word' id='word_1_259' title='bbox 943 3702 1034 3737; x_wconf 89' lang='lat' dir='ltr'><strong>munus</strong></span> <span class='ocrx_word' id='word_1_260' title='bbox 1054 3687 1165 3738; x_wconf 88' lang='lat' dir='ltr'><strong>ediderit</strong></span> <span class='ocrx_word' id='word_1_261' title='bbox 1183 3693 1289 3752; x_wconf 88' lang='lat' dir='ltr'><strong>propter</strong></span> <span class='ocrx_word' id='word_1_262' title='bbox 1308 3701 1391 3737; x_wconf 84' lang='lat' dir='ltr'><strong>sacer-</strong></span> 
     </span>
     <span class='ocr_line' id='line_1_30' title="bbox 72 3772 1391 3842; baseline 0.005 -19"><span class='ocrx_word' id='word_1_263' title='bbox 72 3772 171 3840; x_wconf 65' lang='lat' dir='ltr'><strong>dotium</strong></span> <span class='ocrx_word' id='word_1_264' title='bbox 194 3792 243 3828; x_wconf 91' lang='lat' dir='ltr'><strong>nec</strong></span> <span class='ocrx_word' id='word_1_265' title='bbox 261 3779 356 3828; x_wconf 89' lang='lat' dir='ltr'><strong>desunt</strong></span> <span class='ocrx_word' id='word_1_266' title='bbox 375 3779 450 3840; x_wconf 87' lang='lat' dir='ltr'><strong>tituli,</strong></span> <span class='ocrx_word' id='word_1_267' title='bbox 470 3785 499 3827; x_wconf 91' lang='lat' dir='ltr'><strong>nt</strong></span> <span class='ocrx_word' id='word_1_268' title='bbox 517 3777 684 3830; x_wconf 85' lang='lat' dir='ltr'><strong>Surrentinus</strong></span> <span class='ocrx_word' id='word_1_269' title='bbox 704 3778 733 3829; x_wconf 84' lang='lat'><strong>0.</strong></span> <span class='ocrx_word' id='word_1_270' title='bbox 748 3780 783 3842; x_wconf 86' lang='lat' dir='ltr'><strong>X,</strong></span> <span class='ocrx_word' id='word_1_271' title='bbox 805 3779 866 3842; x_wconf 91' lang='grc'><strong>888,</strong></span> <span class='ocrx_word' id='word_1_272' title='bbox 891 3779 1004 3830; x_wconf 88' lang='lat' dir='ltr'><strong>bonores</strong></span> <span class='ocrx_word' id='word_1_273' title='bbox 1024 3786 1049 3829; x_wconf 88' lang='lat' dir='ltr'><strong>et</strong></span> <span class='ocrx_word' id='word_1_274' title='bbox 1068 3779 1213 3830; x_wconf 86' lang='lat' dir='ltr'><strong>sacerdotia</strong></span> <span class='ocrx_word' id='word_1_275' title='bbox 1232 3780 1269 3829; x_wconf 87' lang='lat' dir='ltr'><strong>ita</strong></span> <span class='ocrx_word' id='word_1_276' title='bbox 1288 3793 1391 3830; x_wconf 89' lang='lat' dir='ltr'><strong>enume-</strong></span> 
     </span>
     <span class='ocr_line' id='line_1_31' title="bbox 73 3870 1393 3938; baseline 0.004 -22"><span class='ocrx_word' id='word_1_277' title='bbox 73 3877 161 3930; x_wconf 81' lang='lat' dir='ltr'><strong>rantes,</strong></span> <span class='ocrx_word' id='word_1_278' title='bbox 184 3878 212 3919; x_wconf 88' lang='grc' dir='ltr'><strong>ιιι</strong></span> <span class='ocrx_word' id='word_1_279' title='bbox 234 3870 262 3920; x_wconf 92' lang='lat' dir='ltr'><strong>ln</strong></span> <span class='ocrx_word' id='word_1_280' title='bbox 285 3871 336 3920; x_wconf 89' lang='lat' dir='ltr'><strong>illis</strong></span> <span class='ocrx_word' id='word_1_281' title='bbox 360 3871 422 3920; x_wconf 89' lang='lat' dir='ltr'><strong>solia</strong></span> <span class='ocrx_word' id='word_1_282' title='bbox 440 3871 537 3920; x_wconf 88' lang='lat' dir='ltr'><strong>mentio</strong></span> <span class='ocrx_word' id='word_1_283' title='bbox 556 3871 602 3920; x_wconf 89' lang='lat' dir='ltr'><strong>list</strong></span> <span class='ocrx_word' id='word_1_284' title='bbox 624 3871 751 3921; x_wconf 89' lang='lat' dir='ltr'><strong>ludorum.</strong></span> <span class='ocrx_word' id='word_1_285' title='bbox 789 3873 946 3938; x_wconf 79' lang='lat' dir='ltr'><strong>Augustales</strong></span> <span class='ocrx_word' id='word_1_286' title='bbox 969 3886 1031 3922; x_wconf 85' lang='lat' dir='ltr'><strong>sane</strong></span> <span class='ocrx_word' id='word_1_287' title='bbox 1049 3879 1075 3922; x_wconf 89' lang='lat' dir='ltr'><strong>st</strong></span> <span class='ocrx_word' id='word_1_288' title='bbox 1093 3873 1209 3938; x_wconf 72' lang='lat' dir='ltr'><strong>magistri</strong></span> <span class='ocrx_word' id='word_1_289' title='bbox 1232 3873 1292 3938; x_wconf 75' lang='lat' dir='ltr'><strong>pagi</strong></span> <span class='ocrx_word' id='word_1_290' title='bbox 1311 3873 1345 3922; x_wconf 89' lang='lat' dir='ltr'><strong>ob</strong></span> <span class='ocrx_word' id='word_1_291' title='bbox 1364 3871 1393 3921; x_wconf 92' lang='lat' dir='ltr'><strong>id</strong></span> 
     </span>
     <span class='ocr_line' id='line_1_32' title="bbox 73 3961 964 4029; baseline 0.004 -19"><span class='ocrx_word' id='word_1_292' title='bbox 73 3961 239 4024; x_wconf 76' lang='lat' dir='ltr'><strong>sacerdotnm,</strong></span> <span class='ocrx_word' id='word_1_293' title='bbox 259 3963 443 4029; x_wconf 86' lang='lat' dir='ltr'><strong>qualecumque</strong></span> <span class='ocrx_word' id='word_1_294' title='bbox 461 3963 519 4024; x_wconf 81' lang='lat' dir='ltr'><strong>fuit,</strong></span> <span class='ocrx_word' id='word_1_295' title='bbox 539 3977 648 4014; x_wconf 84' lang='lat' dir='ltr'><strong>munera</strong></span> <span class='ocrx_word' id='word_1_296' title='bbox 666 3963 802 4028; x_wconf 81' lang='lat' dir='ltr'><strong>aliquoties</strong></span> <span class='ocrx_word' id='word_1_297' title='bbox 822 3963 964 4014; x_wconf 89' lang='lat' dir='ltr'><strong>ediderunt.</strong></span> 
     </span>
    </p>

    <p class='ocr_par' dir='ltr' id='par_1_10' title="bbox 73 4050 1395 4394">
     <span class='ocr_line' id='line_1_33' title="bbox 140 4050 1394 4124; baseline 0.002 -18"><span class='ocrx_word' id='word_1_298' title='bbox 140 4050 163 4116; x_wconf 79' lang='lat'><strong>²)</strong></span> <span class='ocrx_word' id='word_1_299' title='bbox 190 4055 401 4116; x_wconf 82' lang='lat' dir='ltr'><strong>c.V111,1sea</strong></span> <span class='ocrx_word' id='word_1_300' title='bbox 421 4055 558 4106; x_wconf 82' lang='lat' dir='ltr'><strong>Theveste.</strong></span> <span class='ocrx_word' id='word_1_301' title='bbox 595 4052 703 4106; x_wconf 77' lang='lat' dir='ltr'><strong>Flamen</strong></span> <span class='ocrx_word' id='word_1_302' title='bbox 726 4063 751 4106; x_wconf 89' lang='lat' dir='ltr'><strong>et</strong></span> <span class='ocrx_word' id='word_1_303' title='bbox 773 4063 877 4107; x_wconf 80' lang='lat' dir='ltr'><strong>curator</strong></span> <span class='ocrx_word' id='word_1_304' title='bbox 898 4058 1007 4108; x_wconf 66' lang='lat' dir='ltr'><strong>munais</strong></span> <span class='ocrx_word' id='word_1_305' title='bbox 1030 4055 1175 4124; x_wconf 78' lang='lat' dir='ltr'><strong>pladiatori</strong></span> <span class='ocrx_word' id='word_1_306' title='bbox 1193 4054 1302 4108; x_wconf 82' lang='lat' dir='ltr'><strong>Villiaoi</strong></span> <span class='ocrx_word' id='word_1_307' title='bbox 1325 4057 1394 4123; x_wconf 89' lang='lat' dir='ltr'><strong>apud</strong></span> 
     </span>
     <span class='ocr_line' id='line_1_34' title="bbox 73 4144 1393 4218; baseline 0.007 -25"><span class='ocrx_word' id='word_1_308' title='bbox 73 4144 203 4197; x_wconf 83' lang='lat' dir='ltr'><strong>Vocontios</strong></span> <span class='ocrx_word' id='word_1_309' title='bbox 222 4146 264 4210; x_wconf 80' lang='grc' dir='ltr'><strong>(Ο.</strong></span> <span class='ocrx_word' id='word_1_310' title='bbox 278 4147 341 4210; x_wconf 84' lang='lat' dir='ltr'><strong>XII,</strong></span> <span class='ocrx_word' id='word_1_311' title='bbox 358 4147 440 4210; x_wconf 89' lang='grc'><strong>1585)</strong></span> <span class='ocrx_word' id='word_1_312' title='bbox 460 4163 615 4213; x_wconf 87' lang='lat' dir='ltr'><strong>quamquam</strong></span> <span class='ocrx_word' id='word_1_313' title='bbox 634 4149 712 4198; x_wconf 86' lang='lat' dir='ltr'><strong>etiarn</strong></span> <span class='ocrx_word' id='word_1_314' title='bbox 726 4148 758 4198; x_wconf 87' lang='lat' dir='ltr'><strong>ds</strong></span> <span class='ocrx_word' id='word_1_315' title='bbox 771 4165 818 4199; x_wconf 90' lang='lat' dir='ltr'><strong>suo</strong></span> <span class='ocrx_word' id='word_1_316' title='bbox 837 4151 972 4214; x_wconf 85' lang='lat' dir='ltr'><strong>pecuniam</strong></span> <span class='ocrx_word' id='word_1_317' title='bbox 987 4150 1114 4216; x_wconf 88' lang='lat' dir='ltr'><strong>impendit</strong></span> <span class='ocrx_word' id='word_1_318' title='bbox 1132 4151 1251 4202; x_wconf 88' lang='lat' dir='ltr'><strong>laudatus</strong></span> <span class='ocrx_word' id='word_1_319' title='bbox 1270 4148 1300 4202; x_wconf 83' lang='lat' dir='ltr'><strong>ab</strong></span> <span class='ocrx_word' id='word_1_320' title='bbox 1314 4167 1393 4218; x_wconf 79' lang='lat' dir='ltr'><strong>prae-</strong></span> 
     </span>
     <span class='ocr_line' id='line_1_35' title="bbox 74 4237 1395 4309; baseline 0.008 -25"><span class='ocrx_word' id='word_1_321' title='bbox 74 4237 162 4302; x_wconf 78' lang='lat' dir='ltr'><strong>apaan</strong></span> <span class='ocrx_word' id='word_1_322' title='bbox 179 4240 234 4290; x_wconf 74' lang='lat' dir='ltr'><strong>aas</strong></span> <span class='ocrx_word' id='word_1_323' title='bbox 251 4241 279 4291; x_wconf 87' lang='lat' dir='ltr'><strong>ia</strong></span> <span class='ocrx_word' id='word_1_324' title='bbox 299 4237 402 4290; x_wconf 78' lang='lat' dir='ltr'><strong>edendis</strong></span> <span class='ocrx_word' id='word_1_325' title='bbox 424 4240 576 4309; x_wconf 80' lang='lat' dir='ltr'><strong>spectaculis</strong></span> <span class='ocrx_word' id='word_1_326' title='bbox 595 4237 782 4303; x_wconf 80' lang='lat' dir='ltr'><strong>liberalitatem,</strong></span> <span class='ocrx_word' id='word_1_327' title='bbox 810 4243 836 4292; x_wconf 89' lang='lat' dir='ltr'><strong>in</strong></span> <span class='ocrx_word' id='word_1_328' title='bbox 861 4257 962 4294; x_wconf 87' lang='lat' dir='ltr'><strong>samma</strong></span> <span class='ocrx_word' id='word_1_329' title='bbox 984 4257 1013 4293; x_wconf 89' lang='lat' dir='ltr'><strong>re</strong></span> <span class='ocrx_word' id='word_1_330' title='bbox 1032 4259 1124 4294; x_wconf 88' lang='lat' dir='ltr'><strong>munus</strong></span> <span class='ocrx_word' id='word_1_331' title='bbox 1147 4243 1231 4294; x_wconf 86' lang='lat' dir='ltr'><strong>edidit</strong></span> <span class='ocrx_word' id='word_1_332' title='bbox 1252 4258 1286 4295; x_wconf 82' lang='lat' dir='ltr'><strong>ex</strong></span> <span class='ocrx_word' id='word_1_333' title='bbox 1309 4244 1395 4295; x_wconf 89' lang='lat' dir='ltr'><strong>redita</strong></span> 
     </span>
     <span class='ocr_line' id='line_1_36' title="bbox 73 4327 183 4394; baseline 0.064 -18"><span class='ocrx_word' id='word_1_334' title='bbox 73 4327 183 4394; x_wconf 70' lang='lat' dir='ltr'><strong>legativu</strong></span> 
     </span>
    </p>

    <p class='ocr_par' dir='ltr' id='par_1_11' title="bbox 73 4421 1397 4585">
     <span class='ocr_line' id='line_1_37' title="bbox 141 4421 1397 4492; baseline 0.004 -16"><span class='ocrx_word' id='word_1_335' title='bbox 141 4421 164 4486; x_wconf 85' lang='lat'><strong>⁴)</strong></span> <span class='ocrx_word' id='word_1_336' title='bbox 192 4426 299 4476; x_wconf 83' lang='lat' dir='ltr'><strong>Hanten</strong></span> <span class='ocrx_word' id='word_1_337' title='bbox 318 4441 344 4475; x_wconf 92' lang='grc' dir='ltr'><strong>ιι.</strong></span> <span class='ocrx_word' id='word_1_338' title='bbox 359 4425 438 4476; x_wconf 80' lang='lat' dir='ltr'><strong>etto.</strong></span> <span class='ocrx_word' id='word_1_339' title='bbox 477 4426 612 4478; x_wconf 87' lang='lat' dir='ltr'><strong>Sacerdoti</strong></span> <span class='ocrx_word' id='word_1_340' title='bbox 636 4427 660 4476; x_wconf 89' lang='lat' dir='ltr'><strong>ei</strong></span> <span class='ocrx_word' id='word_1_341' title='bbox 682 4427 780 4492; x_wconf 73' lang='lat' dir='ltr'><strong>gratiae</strong></span> <span class='ocrx_word' id='word_1_342' title='bbox 804 4433 914 4492; x_wconf 79' lang='lat' dir='ltr'><strong>aguntur</strong></span> <span class='ocrx_word' id='word_1_343' title='bbox 936 4425 1146 4478; x_wconf 80' lang='lat' dir='ltr'><strong>abundantissimi</strong></span> <span class='ocrx_word' id='word_1_344' title='bbox 1165 4429 1284 4492; x_wconf 81' lang='lat' dir='ltr'><strong>muneris,</strong></span> <span class='ocrx_word' id='word_1_345' title='bbox 1310 4427 1397 4481; x_wconf 89' lang='lat' dir='ltr'><strong>sedet</strong></span> 
     </span>
     <span class='ocr_line' id='line_1_38' title="bbox 73 4515 845 4585; baseline 0.013 -25"><span class='ocrx_word' id='word_1_346' title='bbox 73 4517 214 4583; x_wconf 71' lang='lat' dir='ltr'><strong>praeoptas</strong></span> <span class='ocrx_word' id='word_1_347' title='bbox 233 4517 346 4568; x_wconf 85' lang='lat' dir='ltr'><strong>laetitias</strong></span> <span class='ocrx_word' id='word_1_348' title='bbox 366 4515 500 4568; x_wconf 74' lang='lat' dir='ltr'><strong>theatralis</strong></span> <span class='ocrx_word' id='word_1_349' title='bbox 518 4517 639 4584; x_wconf 82' lang='lat' dir='ltr'><strong>(Hispelli</strong></span> <span class='ocrx_word' id='word_1_350' title='bbox 657 4517 737 4571; x_wconf 90' lang='lat' dir='ltr'><strong>Orell.</strong></span> <span class='ocrx_word' id='word_1_351' title='bbox 752 4519 845 4585; x_wconf 86' lang='grc'><strong>3888).</strong></span> 
     </span>
    </p>

    <p class='ocr_par' dir='ltr' id='par_1_12' title="bbox 142 4607 445 4671">
     <span class='ocr_line' id='line_1_39' title="bbox 142 4607 445 4671; baseline 0 -11"><span class='ocrx_word' id='word_1_352' title='bbox 142 4607 165 4671; x_wconf 80' lang='lat'><strong>⁵)</strong></span> <span class='ocrx_word' id='word_1_353' title='bbox 192 4611 302 4660; x_wconf 85' lang='lat' dir='ltr'><strong>Henaen</strong></span> <span class='ocrx_word' id='word_1_354' title='bbox 321 4625 347 4660; x_wconf 86' lang='lat' dir='ltr'><strong>n.</strong></span> <span class='ocrx_word' id='word_1_355' title='bbox 364 4609 445 4661; x_wconf 86' lang='grc'><strong>5580.</strong></span> 
     </span>
    </p>

    <p class='ocr_par' dir='ltr' id='par_1_13' title="bbox 142 4697 678 4768">
     <span class='ocr_line' id='line_1_40' title="bbox 142 4697 678 4768; baseline 0.002 -15"><span class='ocrx_word' id='word_1_356' title='bbox 142 4697 165 4762; x_wconf 74' lang='lat'><strong>⁶)</strong></span> <span class='ocrx_word' id='word_1_357' title='bbox 193 4701 332 4753; x_wconf 81' lang='lat' dir='ltr'><strong>Cordubae</strong></span> <span class='ocrx_word' id='word_1_358' title='bbox 349 4702 417 4766; x_wconf 82' lang='lat' dir='ltr'><strong>Eph.</strong></span> <span class='ocrx_word' id='word_1_359' title='bbox 434 4701 478 4753; x_wconf 88' lang='grc' dir='ltr'><strong>ΙΙΙ</strong></span> <span class='ocrx_word' id='word_1_360' title='bbox 498 4719 524 4768; x_wconf 88' lang='lat' dir='ltr'><strong>p.</strong></span> <span class='ocrx_word' id='word_1_361' title='bbox 538 4704 571 4753; x_wconf 89' lang='grc'><strong>37</strong></span> <span class='ocrx_word' id='word_1_362' title='bbox 592 4719 618 4756; x_wconf 91' lang='lat' dir='ltr'><strong>n.</strong></span> <span class='ocrx_word' id='word_1_363' title='bbox 635 4705 678 4754; x_wconf 89' lang='grc'><strong>16.</strong></span> 
     </span>
    </p>

    <p class='ocr_par' dir='ltr' id='par_1_14' title="bbox 76 4787 1399 5140">
     <span class='ocr_line' id='line_1_41' title="bbox 143 4787 1398 4862; baseline 0.007 -18"><span class='ocrx_word' id='word_1_364' title='bbox 143 4787 166 4854; x_wconf 78' lang='grc' dir='ltr'><strong>τ)</strong></span> <span class='ocrx_word' id='word_1_365' title='bbox 193 4795 339 4860; x_wconf 82' lang='lat' dir='ltr'><strong>Appuleius</strong></span> <span class='ocrx_word' id='word_1_366' title='bbox 358 4811 415 4845; x_wconf 91' lang='lat' dir='ltr'><strong>cnm</strong></span> <span class='ocrx_word' id='word_1_367' title='bbox 435 4795 491 4860; x_wconf 87' lang='lat' dir='ltr'><strong>ipse</strong></span> <span class='ocrx_word' id='word_1_368' title='bbox 509 4805 596 4846; x_wconf 81' lang='lat' dir='ltr'><strong>namet</strong></span> <span class='ocrx_word' id='word_1_369' title='bbox 612 4795 767 4861; x_wconf 81' lang='lat' dir='ltr'><strong>Carthagine</strong></span> <span class='ocrx_word' id='word_1_370' title='bbox 785 4811 813 4847; x_wconf 87' lang='lat' dir='ltr'><strong>se</strong></span> <span class='ocrx_word' id='word_1_371' title='bbox 832 4811 959 4848; x_wconf 88' lang='lat' dir='ltr'><strong>summum</strong></span> <span class='ocrx_word' id='word_1_372' title='bbox 977 4799 1148 4850; x_wconf 87' lang='lat' dir='ltr'><strong>sacerdotium</strong></span> <span class='ocrx_word' id='word_1_373' title='bbox 1168 4799 1309 4851; x_wconf 89' lang='lat' dir='ltr'><strong>obtinuisse</strong></span> <span class='ocrx_word' id='word_1_374' title='bbox 1329 4801 1398 4862; x_wconf 88' lang='lat' dir='ltr'><strong>(lior.</strong></span> 
     </span>
     <span class='ocr_line' id='line_1_42' title="bbox 78 4881 1399 4958; baseline 0.011 -27"><span class='ocrx_word' id='word_1_375' title='bbox 78 4881 108 4932; x_wconf 88' lang='grc'><strong>18</strong></span> <span class='ocrx_word' id='word_1_376' title='bbox 124 4901 147 4949; x_wconf 88' lang='lat' dir='ltr'><strong>p.</strong></span> <span class='ocrx_word' id='word_1_377' title='bbox 161 4887 218 4950; x_wconf 80' lang='lat' dir='ltr'><strong>te),</strong></span> <span class='ocrx_word' id='word_1_378' title='bbox 241 4887 403 4952; x_wconf 78' lang='lat' dir='ltr'><strong>Augustinus</strong></span> <span class='ocrx_word' id='word_1_379' title='bbox 422 4888 539 4952; x_wconf 68' lang='lat' dir='ltr'><strong>apl-it,</strong></span> <span class='ocrx_word' id='word_1_380' title='bbox 557 4889 589 4939; x_wconf 92' lang='grc'><strong>19</strong></span> <span class='ocrx_word' id='word_1_381' title='bbox 610 4887 637 4948; x_wconf 76' lang='lat'><strong>(2</strong></span> <span class='ocrx_word' id='word_1_382' title='bbox 657 4903 683 4952; x_wconf 87' lang='lat' dir='ltr'><strong>p.</strong></span> <span class='ocrx_word' id='word_1_383' title='bbox 697 4891 750 4939; x_wconf 85' lang='grc'><strong>418</strong></span> <span class='ocrx_word' id='word_1_384' title='bbox 771 4890 812 4940; x_wconf 92' lang='lat' dir='ltr'><strong>ed.</strong></span> <span class='ocrx_word' id='word_1_385' title='bbox 825 4890 922 4952; x_wconf 82' lang='lat' dir='ltr'><strong>Maur.)</strong></span> <span class='ocrx_word' id='word_1_386' title='bbox 947 4891 981 4942; x_wconf 89' lang='lat' dir='ltr'><strong>ad</strong></span> <span class='ocrx_word' id='word_1_387' title='bbox 1000 4907 1057 4941; x_wconf 90' lang='lat' dir='ltr'><strong>enm</strong></span> <span class='ocrx_word' id='word_1_388' title='bbox 1077 4893 1162 4943; x_wconf 88' lang='lat' dir='ltr'><strong>locam</strong></span> <span class='ocrx_word' id='word_1_389' title='bbox 1181 4894 1320 4958; x_wconf 83' lang='lat' dir='ltr'><strong>respiciens</strong></span> <span class='ocrx_word' id='word_1_390' title='bbox 1339 4909 1399 4945; x_wconf 89' lang='lat' dir='ltr'><strong>enm</strong></span> 
     </span>
     <span class='ocr_line' id='line_1_43' title="bbox 76 4976 1398 5052; baseline 0.011 -30"><span class='ocrx_word' id='word_1_391' title='bbox 76 4976 109 5023; x_wconf 84' lang='lat' dir='ltr'><strong>ait</strong></span> <span class='ocrx_word' id='word_1_392' title='bbox 124 4993 175 5029; x_wconf 83' lang='lat' dir='ltr'><strong>esse</strong></span> <span class='ocrx_word' id='word_1_393' title='bbox 187 4980 300 5030; x_wconf 83' lang='lat' dir='ltr'><strong>soluisse</strong></span> <span class='ocrx_word' id='word_1_394' title='bbox 318 4978 471 5030; x_wconf 83' lang='lat' dir='ltr'><strong>sacerdotem</strong></span> <span class='ocrx_word' id='word_1_395' title='bbox 486 4981 645 5048; x_wconf 65' lang='lat' dir='ltr'><strong>maniatice,</strong></span> <span class='ocrx_word' id='word_1_396' title='bbox 665 4987 693 5030; x_wconf 90' lang='lat' dir='ltr'><strong>at</strong></span> <span class='ocrx_word' id='word_1_397' title='bbox 710 4997 812 5031; x_wconf 80' lang='lat' dir='ltr'><strong>matters</strong></span> <span class='ocrx_word' id='word_1_398' title='bbox 824 4981 908 5032; x_wconf 70' lang='lat' dir='ltr'><strong>adast</strong></span> <span class='ocrx_word' id='word_1_399' title='bbox 924 4991 1100 5052; x_wconf 84' lang='lat' dir='ltr'><strong>venatoresque</strong></span> <span class='ocrx_word' id='word_1_400' title='bbox 1113 4985 1223 5038; x_wconf 73' lang='lat' dir='ltr'><strong>aestima</strong></span> <span class='ocrx_word' id='word_1_401' title='bbox 1253 4987 1398 5038; x_wconf 81' lang='lat' dir='ltr'><strong>venatores</strong></span> 
     </span>
     <span class='ocr_line' id='line_1_44' title="bbox 77 5072 1076 5140; baseline 0.012 -25"><span class='ocrx_word' id='word_1_402' title='bbox 77 5072 218 5134; x_wconf 82' lang='lat' dir='ltr'><strong>nominavit,</strong></span> <span class='ocrx_word' id='word_1_403' title='bbox 238 5087 292 5122; x_wconf 92' lang='lat' dir='ltr'><strong>uon</strong></span> <span class='ocrx_word' id='word_1_404' title='bbox 310 5072 465 5137; x_wconf 76' lang='lat' dir='ltr'><strong>gladiatores</strong></span> <span class='ocrx_word' id='word_1_405' title='bbox 485 5075 582 5124; x_wconf 88' lang='lat' dir='ltr'><strong>scilicet</strong></span> <span class='ocrx_word' id='word_1_406' title='bbox 601 5081 655 5124; x_wconf 86' lang='lat' dir='ltr'><strong>tum</strong></span> <span class='ocrx_word' id='word_1_407' title='bbox 674 5073 789 5124; x_wconf 87' lang='lat' dir='ltr'><strong>sublatos</strong></span> <span class='ocrx_word' id='word_1_408' title='bbox 809 5074 843 5135; x_wconf 86' lang='lat' dir='ltr'><strong>(v.</strong></span> <span class='ocrx_word' id='word_1_409' title='bbox 860 5091 886 5140; x_wconf 85' lang='lat' dir='ltr'><strong>p.</strong></span> <span class='ocrx_word' id='word_1_410' title='bbox 901 5077 954 5126; x_wconf 83' lang='lat' dir='ltr'><strong>toa</strong></span> <span class='ocrx_word' id='word_1_411' title='bbox 975 5083 1027 5127; x_wconf 89' lang='lat' dir='ltr'><strong>not.</strong></span> <span class='ocrx_word' id='word_1_412' title='bbox 1041 5075 1076 5138; x_wconf 90' lang='lat'><strong>1).</strong></span> 
     </span>
    </p>

    <p class='ocr_par' dir='ltr' id='par_1_15' title="bbox 145 5161 1064 5234">
     <span class='ocr_line' id='line_1_45' title="bbox 145 5161 1064 5234; baseline 0.007 -19"><span class='ocrx_word' id='word_1_413' title='bbox 145 5161 168 5225; x_wconf 82' lang='lat'><strong>⁸)</strong></span> <span class='ocrx_word' id='word_1_414' title='bbox 197 5163 226 5215; x_wconf 86' lang='lat' dir='ltr'><strong>C.</strong></span> <span class='ocrx_word' id='word_1_415' title='bbox 240 5165 261 5215; x_wconf 91' lang='grc' dir='ltr'><strong>Ι.</strong></span> <span class='ocrx_word' id='word_1_416' title='bbox 277 5163 324 5216; x_wconf 76' lang='lat' dir='ltr'><strong>(ir.</strong></span> <span class='ocrx_word' id='word_1_417' title='bbox 339 5165 410 5216; x_wconf 87' lang='grc'><strong>4099</strong></span> <span class='ocrx_word' id='word_1_418' title='bbox 431 5163 474 5228; x_wconf 84' lang='lat' dir='ltr'><strong>(ci.</strong></span> <span class='ocrx_word' id='word_1_419' title='bbox 487 5167 581 5217; x_wconf 88' lang='lat' dir='ltr'><strong>Perrot</strong></span> <span class='ocrx_word' id='word_1_420' title='bbox 599 5183 656 5232; x_wconf 78' lang='lat' dir='ltr'><strong>aoy.</strong></span> <span class='ocrx_word' id='word_1_421' title='bbox 676 5181 706 5216; x_wconf 88' lang='lat' dir='ltr'><strong>ea</strong></span> <span class='ocrx_word' id='word_1_422' title='bbox 727 5163 829 5216; x_wconf 78' lang='lat' dir='ltr'><strong>Galatis</strong></span> <span class='ocrx_word' id='word_1_423' title='bbox 847 5168 898 5217; x_wconf 88' lang='lat' dir='ltr'><strong>vol.</strong></span> <span class='ocrx_word' id='word_1_424' title='bbox 915 5171 928 5218; x_wconf 95' lang='lat'>1</span> <span class='ocrx_word' id='word_1_425' title='bbox 949 5185 974 5234; x_wconf 91' lang='lat' dir='ltr'><strong>p.</strong></span> <span class='ocrx_word' id='word_1_426' title='bbox 990 5169 1064 5232; x_wconf 78' lang='lat'>261).</span> 
     </span>
    </p>

    <p class='ocr_par' dir='ltr' id='par_1_16' title="bbox 147 5251 1401 5330">
     <span class='ocr_line' id='line_1_46' title="bbox 147 5251 1401 5330; baseline 0.003 -20"><span class='ocrx_word' id='word_1_427' title='bbox 147 5253 169 5320; x_wconf 83' lang='lat'><strong>⁹)</strong></span> <span class='ocrx_word' id='word_1_428' title='bbox 198 5256 314 5310; x_wconf 77' lang='lat' dir='ltr'><strong>Galenus</strong></span> <span class='ocrx_word' id='word_1_429' title='bbox 337 5257 369 5310; x_wconf 90' lang='lat' dir='ltr'><strong>ds</strong></span> <span class='ocrx_word' id='word_1_430' title='bbox 393 5273 504 5324; x_wconf 88' lang='lat' dir='ltr'><strong>compos.</strong></span> <span class='ocrx_word' id='word_1_431' title='bbox 525 5257 695 5309; x_wconf 84' lang='lat' dir='ltr'><strong>medicam.3</strong></span> <span class='ocrx_word' id='word_1_432' title='bbox 722 5258 782 5321; x_wconf 84' lang='lat' dir='ltr'><strong>(rol.</strong></span> <span class='ocrx_word' id='word_1_433' title='bbox 801 5260 833 5309; x_wconf 84' lang='lat'><strong>13</strong></span> <span class='ocrx_word' id='word_1_434' title='bbox 853 5276 878 5325; x_wconf 90' lang='lat' dir='ltr'><strong>p.</strong></span> <span class='ocrx_word' id='word_1_435' title='bbox 893 5260 946 5312; x_wconf 91' lang='grc'><strong>599</strong></span> <span class='ocrx_word' id='word_1_436' title='bbox 966 5261 1086 5329; x_wconf 84' lang='lat' dir='ltr'><strong>Kaebn):</strong></span> <span class='ocrx_word' id='word_1_437' title='bbox 1113 5251 1189 5330; x_wconf 70' lang='grc' dir='ltr'>δέξαι</span> <span class='ocrx_word' id='word_1_438' title='bbox 1285 5263 1320 5328; x_wconf 70' lang='grc' dir='ltr'><strong>τῷ</strong></span> <span class='ocrx_word' id='word_1_439' title='bbox 1338 5256 1401 5314; x_wconf 77' lang='lat' dir='ltr'><strong>sard</strong></span> 
     </span>
    </p>
   </div>
   <div class='ocr_carea' id='block_1_7' title="bbox 80 5331 1402 5526">
    <p class='ocr_par' dir='ltr' id='par_1_17' title="bbox 80 5331 1402 5526">
     <span class='ocr_line' id='line_1_47' title="bbox 80 5331 1402 5428; baseline 0.011 -32"><span class='ocrx_word' id='word_1_440' title='bbox 80 5331 208 5408; x_wconf 68' lang='lat' dir='ltr'><strong>sirtille</strong></span> <span class='ocrx_word' id='word_1_441' title='bbox 231 5339 298 5420; x_wconf 73' lang='lat' dir='ltr'><strong>sipn&#39;ir</strong></span> <span class='ocrx_word' id='word_1_442' title='bbox 322 5349 504 5416; x_wconf 79' lang='lat' dir='ltr'><strong>(Pergamum)</strong></span> <span class='ocrx_word' id='word_1_443' title='bbox 528 5344 648 5422; x_wconf 76' lang='grc' dir='ltr'>ἆρχιιριϊ</span> <span class='ocrx_word' id='word_1_444' title='bbox 668 5339 711 5416; x_wconf 78' lang='lat' dir='ltr'><strong>nris</strong></span> <span class='ocrx_word' id='word_1_445' title='bbox 730 5346 868 5420; x_wconf 68' lang='grc' dir='ltr'>θεραπείαν</span> <span class='ocrx_word' id='word_1_446' title='bbox 894 5349 1047 5426; x_wconf 75' lang='grc' dir='ltr'>ἐγχιιρῆσιί</span> <span class='ocrx_word' id='word_1_447' title='bbox 1069 5373 1111 5425; x_wconf 84' lang='grc' dir='ltr'><strong>μοι</strong></span> <span class='ocrx_word' id='word_1_448' title='bbox 1137 5345 1202 5424; x_wconf 76' lang='lat' dir='ltr'><strong>priva</strong></span> <span class='ocrx_word' id='word_1_449' title='bbox 1225 5354 1272 5407; x_wconf 75' lang='lat' dir='ltr'><strong>&#39;cdv</strong></span> <span class='ocrx_word' id='word_1_450' title='bbox 1291 5346 1402 5428; x_wconf 81' lang='lat' dir='ltr'><strong>povopa&#39;-</strong></span> 
     </span>
     <span class='ocr_line' id='line_1_48' title="bbox 1113 5463 1175 5526; baseline 0.032 -2"><span class='ocrx_word' id='word_1_451' title='bbox 1113 5463 1175 5526; x_wconf 76' lang='lat'><strong>26*</strong></span> 
     </span>
    </p>
   </div>
   <div class='ocr_carea' id='block_1_8' title="bbox 0 0 1706 5924">
    <p class='ocr_par' dir='ltr' id='par_1_18' title="bbox 0 0 1706 5924">
     <span class='ocr_line' id='line_1_49' title="bbox 0 0 1706 5924; baseline 0 0"><span class='ocrx_word' id='word_1_452' title='bbox 0 0 1706 5924; x_wconf 95' lang='lat' dir='ltr'><strong> </strong></span> 
     </span>
    </p>
   </div>
  </div>
 </body>
</html>
