3322 5928
18 623 118 676 enen
267 623 1117 682 evcunmvu.1›sovnecus1²nooousvnue1s.
1296 610 1370 684 215

17 798 307 876 jum-eureopluye
327 811 416 878 porte
437 819 490 860 sur
510 819 562 859 son
582 800 626 860 eol
648 799 751 878 (deuo)
778 819 999 880 moseoqrommee
1025 803 1061 862 de
1089 801 1194 864 Clriel.
1310 805 1369 866 Um

20 915 86 960 osne
105 921 124 961 n
144 921 200 961 eon
224 903 341 980 orifies
365 902 426 964 eloe
443 921 506 980 per
525 923 564 962 uo
585 903 710 962 bunion
731 905 837 974 lowen
858 905 956 982 some
972 923 1219 982 permanasse
1240 907 1367 980 blanche,

21 1003 121 1081 nplmie
141 1023 214 1064 enee
239 1005 295 1065 loe
321 1005 430 1083 dolote,
452 1015 478 1065 el
499 1009 549 1084 qui
568 1009 669 1084 parole
690 1007 749 1066 lm
769 1007 805 1066 de
827 1007 857 1066 la
878 1009 945 1080 eire,
967 1027 997 1068 ee
1018 1009 1145 1070 louelon
1162 1010 1294 1088 promte
1315 1028 1367 1070 eur

20 1125 47 1164 eu
65 1110 174 1184 wsuoe
196 1109 377 1167 sufflans-e
399 1109 429 1168 ln
449 1109 550 1168 double
571 1112 722 1188 mpreiou
744 1107 925 1188 (circulans)
948 1109 1019 1172 el’un
1039 1110 1125 1172 mem
1139 1113 1235 1174 caolet
1249 1154 1257 1172 .
1271 1155 1278 1173 .
1293 1131 1365 1174 nous

20 1207 94 1270 lisono
113 1223 322 1270 suvmusuvs.

95 1544 169 1604 VII.
215 1544 543 1606 HADRVMETVM
566 1545 675 1622 (Seium
698 1543 733 1606 G.
754 1565 783 1624 ρ.
802 1547 849 1606 14.
866 1545 936 1608 924.
952 1547 1030 1620 9793
1052 1566 1143 1626 snpre
1164 1567 1193 1626 ρ.
1212 1550 1274 1628 11).

20 1701 81 1762 680
101 1704 133 1764 in
154 1721 260 1783 opere
287 1703 409 1764 musivo
429 1724 492 1783 rep.
514 1702 612 1765 Susse
632 1703 664 1764 in
685 1703 841 1766 ruderibus
863 1705 953 1766 villee
974 1706 1137 1766 Romenue.

52 1825 83 1882 In
103 1825 208 1886 medio
234 1835 294 1886 est
315 1825 398 1896 fons,
419 1843 513 1904 supra
532 1843 622 1903 quem
644 1833 749 1903 pastor
770 1825 844 1886 tibio
865 1844 990 1900 eenene;
1012 1845 1122 1906 peoora
1142 1827 1299 1908 adpotum
1314 1849 1363 1891 ve·

18 1928 105 1998 ninnl;
131 1939 310 2004 praeterea
333 1937 495 1987 cernuntur
519 1929 627 2006 anguis
652 1927 770 1988 lumnes
798 1929 922 1990 frutices
951 1947 1052 2007 rupee.
1100 1929 1268 1992 Includilur
1293 1933 1361 1994 ione

18 2030 116 2104 punis
138 2030 284 2090 umbus.
330 2029 368 2088 In
389 2037 529 2105 quattuor
549 2031 668 2108 engolis
690 2031 759 2109 eqni
781 2031 893 2109 singuli
915 2031 986 2108 pieli
1009 2042 1089 2104 sunt,
1114 2031 1281 2111 dequibus
1303 2033 1361 2094 duo

18 2133 44 2190 iu
63 2133 155 2210 tergis
177 2141 454 2212 monogrammate
475 2132 586 2210 signeli
607 2142 687 2206 sunt,
709 2133 769 2194 duo
790 2134 967 2212 inscriptum
989 2134 1102 2195 hebent

596 2285 798 2330 SOROTHI

18 2407 99 2470 luxu
118 2407 272 2487 singulos
294 2408 372 2468 haee
392 2407 546 2487 leguntur:

591 2560 797 2605 Pseelclvs

591 2661 797 2707 lPPARCHVS

590 2763 745 2809 CAMPVS

591 2865 781 2936 Dluucsvs

21 2990 51 3048 In
70 2991 209 3052 eiusdem
233 2989 331 3050 villee
352 2989 506 3050 liminibus
528 2987 645 3050 dnobus
666 2987 813 3050 tessellati
835 2995 906 3050 sunl
926 2989 1022 3049 tituli:

588 3143 635 3185 ΑΒ
668 3143 766 3185 APRV

587 3243 633 3286 AD
667 3243 786 3288 [ΕΟΝΕ

22 3371 54 3428 A.
72 3368 230 3430 Bertrsnd
256 3367 506 3444 comples-roudus
528 3369 562 3426 de
583 3367 693 3427 l’aoacl.
717 3385 743 3425 u
762 3364 841 3427 1887
864 3385 893 3445 ρ.
911 3365 971 3426 379
984 3382 1068 3443 seqq.

59 3489 176 3550 Soretli
198 3507 314 3548 nomen
336 3505 403 3548 esse
424 3488 536 3546 domini
559 3505 703 3565 equorum
729 3486 1037 3548 eonieeilVilleioese
1057 3485 1078 3546 l.
1094 3485 1112 3544 l.
1136 3505 1165 3564 p.
1182 3485 1258 3558 3833
1287 3487 1357 3546 reli·

22 3611 90 3669 quse
112 3609 208 3652 voees
233 3599 377 3668 quattuor
397 3609 452 3668 pro
474 3609 618 3668 equorum
635 3589 803 3650 nominibus
818 3589 924 3650 hebuit
933 3588 1092 3650 Berlrsnd.
1126 3589 1169 3646 At
1183 3607 1252 3648 eum
1265 3589 1359 3650 verbe

24 3713 133 3774 conpos
161 3695 289 3754 dilectus
315 3692 494 3753 coniunctim
520 3693 598 3752 leete
622 3695 774 3770 regionem
796 3691 945 3770 depictum
968 3690 1136 3769 significare
1157 3690 1247 3752 facile
1268 3693 1356 3753 nobis

23 3797 201 3872 persuadeat
216 3795 396 3868 Villeiesee,
422 3803 540 3874 egomet
560 3813 618 3854 non
646 3795 744 3854 minus
772 3811 882 3871 sequeu-
903 3793 1121 3853 Mommsenum
1148 3793 1236 3854 etiem
1263 3795 1355 3853 verbe

20 3903 152 3974 punimus
167 3898 339 3976 Ippnrelos
360 3907 549 3957 revocantem
572 3899 673 3976 potius
689 3897 728 3956 ed
743 3895 833 3956 villse
847 3896 999 3956 dominnm
1014 3895 1145 3956 nobilem
1161 3905 1250 3974 etque
1265 3914 1355 3972 equo·

23 4019 80 4060 rum
102 4015 132 4062 et
154 3999 303 4061 curriculi
325 3999 491 4059 studiosum
514 4017 604 4076 quem
627 4001 665 4058 ed
687 4015 831 4076 equorum
852 3997 1035 4076 depictorum
1057 3997 1144 4058 duos.

101 4333 259 4394 xxxvi
302 4331 519 4396 MAOTARIS
541 4332 611 4409 (Ην.
634 4331 767 4404 Mallem
789 4329 824 4393 G.
844 4351 873 4410 ρ.
890 4331 940 4393 79.
956 4329 1031 4405 9273
1052 4329 1122 4412 eph.
1145 4329 1279 4411 epigr.V

463 4455 492 4514 p.
509 4434 579 4496 275.
597 4432 674 4509 5213
698 4453 789 4512 supra
810 4453 840 4512 ρ.
856 4433 921 4512 22).

29 4591 84 4654 681
114 4593 157 4654 ud
179 4592 249 4652 edd.
272 4611 364 4672 supre
384 4613 413 4652 n.
431 4591 470 4652 64
492 4592 545 4670 (ε
562 4593 629 4670 eph.
645 4593 777 4672 epigr.V
790 4591 918 4670 nelo).
960 4590 1088 4652 Aulieee
1107 4590 1267 4670 imaginem
1283 4591 1356 4652 solis

64 4715 118 4774 ope
139 4697 254 4756 lectam
277 4695 315 4755 ed
337 4703 477 4775 eetypum
499 4713 682 4774 gypseeeum
704 4713 799 4772 nuper
819 4695 1022 4774 repetiverunt
1034 4693 1121 4754 Bond
1135 4702 1166 4753 et
1180 4693 1355 4774 Thompson

63 4799 155 4877 Angli
177 4799 210 4856 in
234 4797 294 4857 The
310 4798 573 4876 palaeograplieal
594 4802 708 4875 society,
724 4797 884 4874 seoeimilee
907 4801 941 4875 of
957 4799 1273 4875 onemtmanueeripe
1295 4814 1354 4857 see.

64 4917 118 4960 ser.
142 4919 174 4978 p.
188 4899 237 4959 III
259 4921 287 4960 e.
304 4899 383 4961 1886
406 4901 465 4960 tab.
481 4899 529 4973 H,
551 4900 602 4960 49.
644 4898 733 4960 Unde
754 4907 858 4978 repeto
877 4899 934 4960 hes
955 4899 1094 4960 lectionis
1120 4899 1354 4978 discrepantias:

66 4999 141 5062 iliu.
166 5017 259 5063 vous.
293 5035 333 5046 -
367 5002 384 5060 7
396 5003 436 5062 in.
460 5018 607 5076 seviens,
632 5001 740 5063 deinde
762 5019 838 5063 unes
859 5018 922 5063 sun
944 5009 1165 5076 ensvoeeet„
1191 5001 1273 5080 qnod
1293 4999 1354 5060 iem

65 5107 184 5182 etipse
210 5105 284 5164 mihi
305 5103 410 5166 videor
437 5105 470 5164 in
495 5113 601 5183 ectypo
628 5105 787 5166 oherleeeo
809 5123 939 5165 eernere.
972 5135 1013 5148 -
1048 5102 1085 5163 19
1097 5104 1148 5164 fin.
1170 5119 1278 5164 suuis.
1313 5135 1352 5146 —

68 5207 103 5264 30
125 5222 228 5266 nessrr
249 5225 323 5268 esne
344 5207 383 5266 ed
403 5209 582 5268 sententiam
604 5208 720 5286 sptiue;
746 5209 853 5268 sedin
878 5207 1008 5286 imagine
1034 5205 1073 5266 etl
1097 5205 1197 5286 ipsum
1222 5204 1353 5286 lapidem

67 5309 143 5370 secu
165 5309 295 5370 cernitur
316 5325 440 5388 nisenii,
462 5319 495 5371 ul
516 5329 609 5389 supra
630 5309 703 5370 dixi.
