3374 5930
417 669 720 724 nassavsnrouss
738 669 1025 722 amensamens.
1306 651 1380 722 423

65 847 144 904 lectos
168 846 333 922 praetorio,
362 855 395 904 ut
414 845 445 903 bi
467 863 518 905 eas
540 865 606 904 cum
629 846 816 922 praesidibus
840 845 1145 918 communicarem),
1174 861 1297 922 praeses
1319 865 1383 902 rur-

65 967 107 1006 sus
128 967 177 1008 eas
199 948 372 1008 civitatibus
396 946 662 1023 uansmitteret²);
687 949 740 1008 sed
763 949 912 1008 interdum
933 968 994 1007 non
1015 947 1111 1008 solum
1132 966 1171 1006 ex
1193 947 1263 1006 aula
1282 965 1383 1007 exem-

64 1051 145 1128 plaria
170 1052 209 1110 ad
236 1051 391 1127 praesides
419 1050 532 1110 directa
559 1050 683 1126 eunti),
713 1051 765 1110 sed
793 1051 868 1110 adeo
896 1051 1056 1128 praefectis
1078 1051 1229 1128 praetorio
1251 1050 1382 1128 promul-

63 1154 130 1230 gatio
156 1153 369 1230 interdicta4),
398 1153 429 1211 id
456 1154 538 1230 quod
566 1153 722 1230 probabile
751 1165 796 1214 est
823 1155 931 1214 lactum
959 1171 1025 1213 esse
1053 1153 1183 1212 maxime
1209 1162 1382 1229 sumptuum

64 1256 278 1318 minuendorum
301 1255 439 1332 causs⁵).
477 1256 512 1314 Id
534 1257 632 1332 ipsum
655 1257 746 1316 etiam
767 1257 798 1316 in
820 1257 894 1316 duas
916 1257 1007 1317 hasce
1027 1257 1253 1316 constitutiones
1272 1255 1359 1315 cadit.

220 1957 339 2018 XLIII.
386 1955 664 2019 SPICILEGIVM
685 1956 935 2018 TITVLORVM
956 1955 1211 2017 LATINORVM

449 2139 501 2190 EX
521 2138 642 2190 CRETA
661 2138 709 2188 ΕΤ
727 2138 778 2188 EX
797 2136 984 2190 AEGYPTO.

128 2337 236 2417 Nuper
267 2359 334 2399 cnm
361 2339 510 2400 emiserim
536 2339 697 2398 voluminis
727 2339 805 2397 tertii
835 2339 971 2416 syllogus
999 2345 1120 2395 nostrae
1146 2336 1377 2412 inscriptionum

56 2437 220 2500 Latinarum
248 2441 485 2520 supplementum
513 2445 665 2518 pertinens
694 2441 732 2500 ad
759 2441 875 2518 Imperii
903 2439 1072 2516 provincias
1099 2437 1250 2512 Graecas,
1279 2439 1377 2498 locum

55 2542 117 2600 dare
142 2563 202 2602 non
230 2545 315 2621 potui
341 2545 435 2602 titulis
463 2545 642 2620 quibusdam
668 2544 699 2602 in
726 2541 817 2602 Creta
843 2551 872 2600 et
896 2544 926 2600 in
949 2545 1095 2618 Aegypto
1116 2543 1280 2600 eruderatis
1308 2559 1376 2600 sero

56 2644 86 2702 ad
117 2665 162 2704 me
194 2645 303 2704 delatis
335 2646 501 2706 inserendis
533 2647 593 2704 iam
621 2646 754 2704 eiusdem
783 2645 981 2721 supplementi
1010 2645 1088 2722 parti
1117 2653 1277 2702 extremae.
1329 2644 1377 2702 Ea

55 2755 141 2806 antem
168 2757 327 2824 antequam
350 2749 456 2808 edatur
478 2768 545 2808 cum
567 2750 638 2807 anni
660 2748 776 2824 aliquot
797 2748 928 2824 elapsuri
951 2748 1024 2818 sint,
1050 2747 1164 2822 placuit
1184 2747 1299 2805 interim
1323 2763 1375 2804 eos

56 2847 114 2907 huic
134 2849 329 2926 Ephemeridi
351 2851 497 2924 inserere,
523 2871 561 2910 ne
583 2851 699 2926 fugiant
719 2868 846 2925 quorum
868 2869 917 2908 res
937 2849 1072 2908 interest.

54 3051 191 3115 llitteris
219 3055 289 3114 altis
311 3067 386 3114 cent.
403 3057 528 3115 14-15
550 3055 581 3114 in
602 3055 752 3132 lapidibus
775 3057 928 3132 quadratis
950 3075 1056 3114 novem
1079 3055 1206 3132 repertis
1228 3053 1305 3112 inter
1327 3075 1375 3113 ru·

88 3156 156 3216 dara
170 3155 283 3218 Onossi
305 3159 409 3234 oppidi
430 3179 457 3216 a.
472 3159 550 3218 1887
572 3177 591 3216 a
609 3159 754 3217 militibus
769 3157 878 3217 Torois
898 3159 947 3218 cite
965 3176 1127 3218 soaoacano
1144 3177 1199 3234 per
1216 3161 1325 3216 ricerca
1344 3159 1375 3215 di

87 3263 231 3320 mannate
251 3263 290 3320 da
309 3265 478 3320 coatruzione
496 3263 543 3320 nei
562 3265 665 3319 terreni
685 3261 731 3319 del
749 3261 824 3318 Telce'
840 3263 871 3318 di
887 3258 1055 3318 Ciani-Ali
1068 3264 1181 3318 intorno
1195 3260 1257 3334 apli
1272 3261 1375 3316 avenai

86 3363 116 3418 cli
138 3383 199 3421 nna
223 3365 333 3439 prande
360 3367 533 3423 castratione
559 3382 687 3422 romane.
731 3363 807 3421 Eius
835 3363 979 3434 aedilicii,
1006 3369 1039 3420 ut
1066 3361 1190 3419 adnotat
1211 3361 1373 3431 Halbhcrr‚

86 3466 217 3524 meminit
245 3465 430 3543 formamque
458 3467 521 3524 eius
550 3465 709 3524 delineavit
734 3464 888 3523 Honorius
907 3465 986 3523 Belli
1016 3484 1040 3523 c.
1063 3483 1090 3522 a.
1114 3462 1209 3534 15863
1236 3462 1375 3521 Belliana

85 3585 118 3624 ea
143 3567 238 3626 edidit
258 3567 314 3627 Ed.
331 3567 483 3628 Falkener
509 3587 529 3627 a
556 3571 728 3644 description
750 3569 784 3643 os
802 3587 876 3627 some
897 3571 1052 3644 important
1073 3568 1195 3626 tlteatrea
1217 3567 1278 3624 end
1297 3565 1375 3624 oster

55 3751 248 3764 ————-

115 3885 138 3946 ¹)
166 3887 303 3936 Iustiniani
329 3902 388 3936 nor.
412 3887 489 3936 liin.
518 3887 579 3938 data
604 3887 637 3937 ad
663 3887 820 3951 praefectum
844 3886 987 3950 praetorIo:
1018 3873 1148 3952 γενήσεται
1170 3871 1238 3952 nupsi
1261 3881 1306 3946 τῆς
1328 3879 1374 3945 viic

47 3965 166 4048 ὗοεροχῆς
190 3975 309 4028 inesset
331 3965 473 4047 xnpu'ypcra
490 3977 554 4028 arder
572 3979 785 4046 septemiliana
806 3964 849 4042 miv
867 3974 912 4026 soii
931 3966 1004 4046 no'pcu
1024 3965 1138 4046 diaspra,
1165 3965 1320 4040 σταλήσετοι
1345 3973 1373 4025 dl

49 4066 82 4115 ml
99 4058 160 4119 sarsi
178 4060 266 4141 χόριον
286 4067 309 4120 ἐν
329 4059 421 4120 duacen
440 4061 488 4134 ἤδη
507 4077 560 4129 τοῖς
579 4067 688 4121 ἔθνεσιν.
727 4071 795 4122 Nov.
811 4069 846 4122 94
865 4071 909 4120 fin.
948 4069 1049 4123 similla
1068 4071 1176 4122 redeunt
1194 4071 1299 4136 passim.

115 4159 139 4224 ²)
168 4165 304 4214 Iustiniani
323 4167 413 4214 nov.l
434 4166 589 4228 postmodo
609 4165 707 4215 adlata:
734 4161 758 4211 oi
783 4159 811 4212 bi
835 4179 862 4230 y·
885 4160 931 4212 adv
955 4147 1129 4232 pnrpeniitrov
1154 4151 1277 4232 ἄρχοντος
1295 4158 1373 4211 τοῦτο

46 4250 160 4315 λαβόντος
259 4253 349 4328 ἑκάστῃ
368 4253 562 4326 ποροπίμψουσι
580 4245 664 4306 πέλοι.
697 4258 765 4308 Nor.
780 4257 815 4306 66
835 4258 888 4306 o.3
909 4262 934 4306 et
952 4256 1023 4306 alibi.

115 4345 139 4410 ³)
167 4349 323 4416 Exemplum
347 4351 493 4416 suppeditat
515 4365 591 4416 saepe
616 4351 696 4401 citata
719 4350 866 4400 constitutio
891 4365 914 4398 a.
930 4351 983 4399 414
1003 4349 1032 4399 O.
1048 4349 1098 4399 Th.
1116 4351 1157 4412 11,
1175 4349 1253 4412 28,9
1279 4348 1372 4398 emissa

48 4447 68 4486 et
84 4456 128 4503 per
146 4441 257 4492 edictum
277 4449 303 4491 et
321 4443 356 4493 ad
374 4443 517 4508 praefectos
536 4445 667 4509 praetorio
687 4449 713 4492 et
731 4443 765 4493 ad
784 4449 896 4492 rectores
916 4443 1114 4506 provinciarum.

113 4531 137 4594 ⁴)
165 4534 303 4586 Novellam
317 4533 454 4586 Iustiniani
469 4537 519 4588 131
539 4552 563 4586 a.
579 4538 631 4588 545
652 4535 796 4602 praefactus
814 4535 953 4600 praetorio,
974 4535 1008 4584 ad
1026 4549 1101 4600 quem
1119 4535 1214 4598 scripta
1231 4541 1278 4596 est,
1299 4533 1370 4584 iube·

45 4629 80 4673 tur
97 4625 178 4677 edicto
198 4627 423 4695 Constantinopoli
447 4629 609 4695 promulgare
634 4625 742 4692 (idimon
760 4617 822 4676 arrd
840 4614 870 4677 cd
890 4617 996 4689 ου’νηθες
1018 4613 1080 4676 narsi
1103 4613 1145 4690 riv
1166 4621 1293 4687 βασιλίδα
1312 4615 1371 4675 rad.

43 4707 371 4789 innue'itnnpsrrbspivuv)
391 4737 474 4788 neque
494 4729 580 4774 tamen
599 4723 626 4772 in
646 4723 798 4788 provinciis:
819 4711 888 4789 ἡμεῖς
906 4706 954 4787 peip
966 4717 1145 4788 προνοήσομεν,
1167 4704 1230 4778 ὅπως
1249 4707 1305 4768 ἄνευ
1323 4707 1370 4767 ποῖ-

43 4823 83 4870 fut
98 4807 140 4873 τῆς
155 4810 202 4863 τῶν
220 4805 350 4864 linorellis
368 4807 459 4882 ζημὶος
481 4812 522 4863 καὶ
547 4809 570 4863 iv
589 4817 644 4872 τοϊς
664 4807 801 4886 ὴορχῖοις
819 4807 985 4881 ψοοορωθείη.
1023 4813 1148 4866 Similiter
1166 4813 1224 4862 finit
1241 4827 1300 4863 nov.
1316 4813 1369 4861 120

45 4914 65 4948 a
79 4902 136 4967 544,
156 4907 200 4956 nbi
218 4908 297 4958 etiarn
310 4909 424 4972 apertius
443 4907 587 4974 praelectus
600 4915 700 4959 vetatur
713 4923 770 4959 eam
790 4909 817 4958 in
836 4907 975 4974 provinciIs
994 4907 1157 4971 promulgare
1177 4890 1291 4973 (μηδενδς
1309 4895 1368 4974 rinip

44 4983 128 5058 ”dms
145 4995 189 5062 τῆς
207 4994 290 5057 eiciar
309 4996 332 5048 iv
351 5003 407 5057 τοῖς
425 4996 561 5069 ἕπορχίοος
580 4997 771 5069 στελλομένου).

115 5087 137 5151 ⁵)
162 5091 196 5143 Id
214 5093 342 5159 significat
361 5109 420 5144 nov.
436 5094 498 5156 131,
517 5095 631 5158 explicat
649 5094 797 5144 constitutio
818 5091 954 5144 Iustiniani
974 5091 1031 5142 cod.
1047 5093 1094 5154 12,
1110 5092 1159 5153 65,
1174 5093 1203 5155 2,
1227 5105 1278 5156 qua
1296 5106 1368 5156 spor-

46 5179 107 5230 tulae
134 5184 337 5237 determinantur
365 5187 451 5251 legum
479 5201 604 5236 novarum
632 5187 729 5238 nuntiis
757 5185 903 5236 solvendae.
951 5185 1016 5236 Rern
1044 5201 1097 5234 non
1125 5185 1279 5249 explicatam
1309 5183 1368 5232 reli-

46 5274 94 5334 quit
112 5275 202 5328 Biener
224 5277 311 5329 (isael.
332 5277 358 5328 d.
370 5275 496 5330 Novelien
514 5295 540 5345 p.
555 5281 598 5342 33,
624 5296 678 5331 non
696 5286 766 5331 reete
786 5280 909 5344 explicuit
927 5281 956 5330 Z.
976 5294 992 5329 a
1010 5277 1165 5342 Lingenthal
1185 5279 1218 5328 ad
1237 5292 1297 5328 nov.
1312 5277 1364 5327 131

44 5365 91 5416 tire
111 5369 230 5423 editionis
249 5387 311 5424 suae
329 5389 356 5425 n.
372 5373 432 5424 151.
