3374 5930
321 641 395 712 416
894 658 1078 712 uornrsau

320 841 427 892 verunt
452 832 597 910 pretio¹).
642 831 848 892 Gladiatorem
877 853 895 892 a
924 833 1033 894 lanista
1059 843 1191 910 emptum
1220 854 1280 894 nou
1308 841 1448 892 vetantur
1476 852 1534 909 quo
1561 833 1638 891 velint

321 935 417 1014 pretio
439 937 603 996 successori
626 935 764 1008 vendere,
787 945 924 995 vetantur
946 939 988 996 ita
1009 956 1077 996 eum
1100 938 1228 996 vendere
1250 936 1433 1014 singulatim.

883 1189 1086 1200 ——a

516 1515 618 1574 XLII.
662 1513 1036 1577 CONSTITVTIONES
1063 1517 1181 1577 DVAE
1209 1515 1471 1578 CRETENSES.

406 1721 576 1780 Fridericus
592 1721 744 1780 Halbherr
758 1723 973 1800 arehaeologus
988 1723 1085 1782 Italus
1101 1724 1128 1782 is
1143 1724 1194 1800 qui
1209 1744 1270 1782 nna
1283 1743 1352 1782 cum
1368 1723 1511 1783 Fabricio
1526 1734 1638 1780 nostrate

321 1824 418 1900 legem
434 1823 612 1901 Gortyniam
629 1825 658 1882 in
674 1823 769 1884 lucem
785 1825 918 1902 protulit,
934 1845 1073 1884 reuersus
1090 1845 1129 1884 ex
1145 1827 1275 1885 secundo
1290 1827 1401 1884 itinere
1417 1823 1559 1898 Cretensi,
1573 1823 1637 1898 quod

321 1927 406 1984 iussu
421 1945 523 1986 eorum
546 1927 598 2002 qui
620 1928 650 1984 in
667 1927 754 1986 Italia
776 1929 865 1986 rebus
888 1939 1032 2004 praesunt
1054 1929 1092 1986 ad
1107 1929 1334 2006 explorationes
1358 1927 1430 1986 illas
1446 1925 1637 1986 continuandas

321 2037 503 2106 susceperat,
526 2029 782 2106 mecumbenigne
796 2031 1035 2102 communicavit,
1057 2050 1134 2107 quae
1149 2031 1190 2089 ibi
1206 2029 1236 2088 in
1253 2032 1338 2088 saxis
1355 2031 1537 2108 repperisset
1549 2027 1637 2086 Latine

321 2132 441 2208 scripta.
485 2131 567 2189 Inter
588 2133 663 2190 haec
693 2134 864 2208 primarium
892 2133 989 2191 locum
1017 2133 1154 2191 obtinent
1178 2133 1410 2191 constitutiones
1432 2132 1506 2190 duee
1532 2132 1638 2206 impera·

321 2244 418 2292 torum
440 2233 644 2293 Romanorum
667 2243 802 2311 repertae
823 2233 908 2310 Lyrri
930 2235 1009 2292 aella
1030 2235 1125 2292 chiesa
1148 2235 1179 2292 di
1195 2235 1326 2310 Haplu'oa
1343 2236 1469 2294 Ioannis
1485 2233 1635 2292 Komarictir

321 2333 349 2412 (d
378 2333 416 2392 sic
442 2329 479 2392 rei
502 2327 654 2418 Καμάρια)
683 2336 760 2396 aella
786 2355 943 2414 compcpna
971 2337 1020 2396 cde
1046 2341 1076 2394 ci
1105 2342 1131 2395 si
1160 2339 1256 2396 stende
1284 2341 1315 2394 ai
1338 2339 1427 2414 piedi
1453 2337 1527 2395 dello
1550 2333 1634 2393 colliso

321 2457 371 2496 cuc
393 2455 442 2495 ero
464 2449 601 2497 costrutta
624 2439 654 2496 ln
678 2440 747 2498 cittd
768 2441 879 2508 antica,
907 2443 937 2496 in
960 2442 1110 2497 vicinatur
1132 2439 1178 2497 del
1199 2439 1336 2515 atllcppio
1362 2442 1395 2497 di
1417 2438 1550 2506 Kastelli,
1567 2454 1631 2510 mps-

322 2541 406 2616 lucpo
430 2540 507 2598 dalla
530 2544 680 2616 procincta
701 2542 733 2598 di
754 2540 894 2600 Pedioda.
932 2540 1053 2599 Titulos
1075 2542 1220 2617 quosdam
1243 2540 1383 2600 Graecos
1411 2542 1536 2600 eiusdem
1560 2535 1626 2594 eccle

322 2643 385 2701 siae
407 2643 571 2720 parietibus
593 2643 723 2700 insertos
746 2661 841 2719 nuper
856 2642 949 2701 edidit
963 2643 1182 2720 Francogallus
1199 2641 1239 2702 G.
1253 2642 1393 2702 Doublet
1416 2643 1509 2718 (Ball.
1529 2645 1624 2700 deren.

322 2745 386 2804 tell.
404 2745 463 2804 vol.
480 2747 515 2804 13
532 2765 558 2804 a.
575 2745 652 2804 1889
676 2764 705 2820 p.
719 2745 767 2804 66.
781 2745 844 2820 67).
881 2745 1005 2804 Illarum
1021 2746 1267 2804 constitutionum
1283 2745 1382 2804 altera
1399 2747 1445 2804 ita
1459 2745 1585 2804 collocata
1596 2748 1628 2798 est

321 2849 402 2906 intus
425 2849 456 2905 in
478 2847 616 2920 ecclesia,
639 2855 671 2906 ut
693 2857 723 2906 et
737 2847 864 2906 describi
886 2849 1016 2924 potuerit
1037 2855 1067 2906 et
1082 2857 1189 2926 ectypo
1212 2851 1455 2926 repraesentari3
1476 2850 1505 2906 iu
1519 2847 1593 2904 altera
1606 2849 1630 2897 ut

322 2951 400 3008 idem
427 2958 507 3008 recte
528 2949 593 3023 fiat,
621 2949 704 3008 fossa
731 2950 829 3008 brevis
854 2951 989 3009 cavenda
1014 2959 1062 3010 est
1089 2951 1127 3009 ad
1153 2951 1295 3028 angulum
1317 2952 1471 3010 ecclesiae
1496 2951 1551 3008 eius
1572 2947 1630 3004 iuter

323 3053 554 3128 septentrionem
570 3059 600 3110 et
615 3052 806 3124 occidentem,
829 3053 858 3110 id
874 3071 940 3110 cum
964 3071 1016 3128 per
1031 3061 1204 3130 praesentes
1227 3055 1258 3112 in
1274 3053 1380 3112 insula
1395 3055 1497 3112 turbas
1511 3049 1630 3109 Halbherr

321 3155 464 3232 perficere
487 3173 545 3212 non
567 3162 684 3231 posset,
712 3164 742 3213 et
763 3173 782 3210 a
804 3154 999 3214 describendo
1021 3157 1172 3216 abstinere
1194 3156 1297 3215 debuit
1317 3163 1348 3214 et
1373 3167 1512 3234 ectypum
1532 3151 1630 3227 sumpsit

323 3255 482 3316 admodum
505 3256 721 3334 imperfectum.
755 3255 822 3334 Ego
844 3267 1003 3334 postquam
1019 3259 1263 3318 constitutionem
1286 3257 1371 3318 illam
1390 3259 1504 3318 inserui
1523 3256 1630 3332 ephene-

323 3361 379 3419 ridi
394 3361 549 3420 Romanae
571 3379 659 3436 quam
682 3359 744 3418 edit
758 3358 907 3418 Victorius
923 3358 1056 3434 Soialoja
1078 3360 1250 3436 (Bullettirro
1274 3359 1344 3418 dell'
1357 3361 1496 3421 Instituta
1517 3359 1544 3417 di
1558 3357 1629 3414 dirittc

322 3463 452 3522 Romano
476 3462 494 3520 2
522 3481 548 3520 a.
566 3461 645 3521 1889
669 3479 696 3538 p.
716 3460 803 3536 133),
830 3461 886 3520 hoc
912 3461 980 3522 loco
1003 3469 1159 3540 utramque
1186 3481 1321 3540 propono
1343 3463 1378 3522 in
1402 3463 1512 3523 tabulis
1535 3456 1631 3518 adiectis

323 3565 352 3622 B
376 3575 405 3622 et
430 3563 462 3624 C.
505 3564 541 3621 ln
564 3565 663 3640 priore
686 3583 763 3640 quae
785 3563 853 3622 dedi
875 3564 1043 3638 inclinatis,
1070 3565 1227 3642 adsumpsi
1249 3585 1287 3623 ex
1310 3567 1491 3646 apographo
1510 3560 1633 3624 Halbher·

323 3667 408 3726 riano
431 3665 543 3741 optime
565 3666 644 3724 facto
668 3667 698 3724 in
721 3675 827 3742 ectypo
849 3667 921 3725 milri
944 3687 1003 3726 non
1026 3667 1102 3726 visa.

408 3765 588 3826 Constitutio
614 3769 698 3844 prior
724 3787 782 3827 non
805 3769 910 3848 ignota
931 3779 985 3828 eet.
1029 3767 1100 3828 Nou
1122 3769 1218 3828 solum
1241 3789 1310 3848 pars
1333 3771 1402 3832 eins
1426 3777 1539 3848 recepta
1556 3777 1594 3825 est
1611 3763 1633 3820 iu

324 3888 453 3947 corpora
474 3870 718 3930 constitutionum
741 3869 774 3930 C.
791 3871 848 3929 Th.
867 3872 896 3945 9,
913 3873 941 3944 5,
960 3873 973 3928 1
994 3897 1030 3922 =
1049 3869 1083 3931 C.
1099 3873 1174 3930 Iust.
1191 3874 1221 3944 9,
1237 3873 1266 3947 8,
1283 3875 1316 3944 3,
1343 3875 1416 3946 sed,
1439 3885 1471 3934 ut
1492 3871 1582 3931 atatim
1600 3883 1634 3923 ne

325 3973 480 4034 admonuit
500 3973 614 4034 amicus
629 3973 775 4046 Huelsen,
798 3973 926 4034 alterum
942 3991 1060 4050 quoque
1076 3975 1246 4052 exemplum
1268 3975 1362 4054 lapidi
1379 3977 1429 4035 vel
1452 3977 1569 4034 sortasse
1587 3967 1634 4026 aeri
1658 3969 1659 4021 l

325 4077 451 4137 incisum
467 4077 569 4136 nescio
585 4076 635 4135 nbi
651 4087 799 4153 repertum
814 4085 844 4136 et
859 4077 948 4136 hodie
961 4077 1058 4136 denuo
1074 4077 1261 4154 deperditum
1277 4079 1402 4138 sacerdo
1411 4077 1488 4138 XVI
1502 4077 1553 4134 fuit
1564 4071 1635 4130 Pata·

325 4180 377 4254 vii,
399 4180 510 4238 editum
533 4187 603 4255 post
624 4179 700 4238 alios
716 4197 735 4236 a
750 4198 797 4238 me
818 4179 849 4237 in
865 4177 900 4238 C.
914 4179 939 4238 1.
951 4177 986 4238 L.
1004 4179 1097 4238 vol.V
1114 4201 1142 4238 n.
1160 4177 1250 4238 2781.
1285 4177 1453 4240 Cuiusnam
1474 4171 1634 4254 imperatoris
1657 4223 1658 4234 ,

326 4283 375 4355 sit,
398 4291 533 4341 neutrum
555 4281 697 4351 declarat,
719 4300 787 4339 cum
809 4281 840 4339 in
863 4281 1011 4341 Patauino
1034 4281 1209 4360 principium
1233 4283 1318 4354 desit,
1341 4283 1374 4341 iu
1397 4281 1531 4342 Cretensi
1552 4293 1634 4352 soper-

327 4387 471 4462 scriptum
495 4385 535 4444 sit
555 4383 761 4442 tautummodo
785 4383 966 4460 [e]cemplum
987 4387 1065 4443 sacri
1087 4385 1179 4454 edicti,
1202 4385 1314 4462 pariter
1328 4392 1421 4461 atque
1444 4383 1587 4459 exemplam
1600 4394 1635 4432 td·

328 4507 442 4547 crorum
464 4489 624 4545 litterarum
650 4486 869 4564 praescriptum
894 4495 940 4544 est
966 4487 1230 4547 constitutionibus
1252 4486 1435 4546 Diocletiani
1458 4485 1520 4544 cod.
1537 4483 1598 4540 lust.
1613 4477 1633 4544 9,
1656 4483 1657 4563 l

330 4591 378 4663 16,
394 4591 414 4648 4
439 4599 469 4649 et
488 4587 690 4648 Valentiniani
705 4589 737 4646 II
760 4587 794 4649 C.
811 4587 869 4647 Th.
889 4589 936 4660 16,
953 4589 980 4661 5,
997 4589 1037 4647 20
1065 4587 1122 4664 (cf.
1145 4589 1300 4666 exemplum
1321 4591 1406 4647 edicti
1430 4587 1502 4647 Coll.
1520 4585 1547 4654 6,
1562 4585 1585 4647 4,
1598 4576 1634 4649 4),

329 4691 511 4771 e(aemplum)
540 4691 646 4767 e(ocri)
677 4691 836 4767 r(escrdptt)
868 4691 895 4748 ei
924 4708 1014 4766 quam
1042 4689 1257 4750 Constantinus
1285 4691 1323 4750 ad
1349 4689 1535 4769 Hispellates
1558 4679 1634 4744 emisit

405 4985 430 5053 ¹)
458 4983 552 5037 Eodem
571 4984 656 5052 pretio
680 4983 727 5034 etei
751 4997 784 5033 ex
803 4983 957 5052 'coniectura
976 4985 1058 5047 venit,
1082 4999 1111 5036 re
1134 4993 1231 5036 certum
1251 4991 1299 5048 eet3
1324 4999 1385 5036 nam
1403 4981 1462 5034 dato
1481 4979 1561 5049 pretsb
1578 4971 1631 5026 sini·

328 5079 393 5130 liare
412 5081 434 5129 si
453 5079 582 5144 suppleas,
600 5077 665 5128 sacis
677 5077 846 5141 imperatores
859 5075 1026 5128 donationem
1040 5079 1193 5128 interdicere
1212 5085 1309 5128 strare
1329 5077 1395 5128 nihil
1412 5089 1495 5141 agere.
1521 5063 1630 5132 1&thst
1648 5099 1649 5112 ¹

328 5172 369 5222 vel
387 5173 471 5222 simile
491 5171 615 5236 quiddam
635 5171 679 5236 qui
698 5169 810 5234 supplet,
836 5171 946 5233 pretium
966 5185 1018 5220 non
1038 5177 1141 5222 auctum
1161 5171 1318 5237 cogitatione
1341 5169 1457 5235 suppleat
1480 5179 1575 5218 neeesse
1591 5165 1633 5208 est·

329 5265 374 5316 sed
398 5265 424 5314 id
449 5264 532 5328 ipsum
552 5264 679 5314 enuntiari
699 5262 795 5313 debuit
834 5261 947 5314 Omnino
967 5264 994 5314 in
1019 5263 1070 5316 hoc
1088 5277 1190 5331 quoque
1214 5265 1297 5331 capite
1321 5262 1458 5315 tenendum
1480 5263 1516 5312 est
1532 5254 1645 5323 aucun}

329 5357 356 5408 id
375 5369 473 5417 curare,
492 5363 521 5405 ut
540 5365 653 5422 sumptus
672 5355 791 5405 ludorum
812 5355 968 5408 minuentur.
