3374 5930
385 637 987 694 onsuavarrorasremoraremur..
1275 613 1348 688 411

40 811 136 872 distare
168 811 338 878 admittere.
380 815 419 878 Ei
451 836 583 898 quoque,
617 819 662 880 cui
695 819 764 898 quis
797 837 829 880 se
862 823 1043 888 auctoraret,
1076 813 1252 875 crediderim
1285 829 1352 872 cum

41 923 177 976 auctorato
213 935 269 978 suo
302 920 451 982 tribunum
484 922 652 982 adeundum
685 923 796 994 fuisse,
833 931 866 980 ut
898 921 935 981 de
967 920 1063 997 pretio
1094 917 1242 997 legitimo,
1274 914 1354 994 quod

40 1019 117 1078 luisse
149 1039 232 1082 nunc
266 1022 384 1084 demum
419 1025 592 1098 innotescit,
636 1025 770 1086 tribunus
805 1025 914 1084 certior
952 1025 1036 1082 tieret
1078 1028 1107 1080 et
1149 1039 1182 1078 rc
1218 1019 1355 1078 ordinata

41 1131 197 1182 auctoratus
236 1125 378 1202 praestito
410 1129 569 1188 notissimo
601 1127 792 1188 iureiurando
824 1127 963 1186 lanistam
996 1127 1074 1184 ritae
1110 1123 1250 1199 necisque
1280 1138 1355 1197 quo·

41 1223 182 1284 dammodo
215 1226 367 1288 domiuum
400 1231 458 1290 sibi
491 1231 737 1307 constitueret1).
787 1230 921 1289 Pretium
953 1227 1028 1288 illud
1060 1245 1111 1284 cur
1140 1225 1208 1302 legs
1238 1225 1355 1284 finitum

40 1327 72 1384 sit
93 1327 127 1386 ad
154 1346 302 1389 summam
332 1331 491 1392 admodum
518 1335 659 1413 exiguam
689 1335 861 1394 sestertium
889 1333 1014 1392 duorum
1046 1329 1173 1400 milium,
1206 1345 1298 1386 causa
1325 1326 1354 1383 in

40 1441 162 1506 promptu
178 1439 240 1490 est:
263 1433 377 1492 scilicet
398 1435 478 1496 cives
498 1437 623 1513 originis
646 1437 826 1496 honestioris
849 1435 1091 1510 fortunarumque
1113 1429 1296 1510 perditarum
1319 1448 1356 1486 nc

40 1533 118 1590 nimis
141 1533 288 1596 facilitate
314 1536 432 1598 lanistis
459 1557 490 1598 se
518 1539 669 1600 traderent
694 1535 950 1613 auctorandos2),
977 1537 1007 1594 hi
1029 1535 1113 1594 vetiti
1139 1543 1209 1594 suut
1229 1533 1356 1612 pretium

41 1633 68 1692 iis
87 1636 193 1695 offerre
215 1639 275 1698 nisi
297 1639 472 1716 gladiatoris
496 1643 633 1720 gregarii.
672 1643 854 1701 Auctoratus
878 1659 943 1700 cnm
967 1639 1042 1698 liber
1064 1647 1197 1698 maneret
1217 1655 1273 1695 nec
1294 1653 1356 1694 ma-

40 1738 140 1796 numitti
167 1750 287 1817 posset,
315 1753 548 1804 consentancum
571 1755 617 1806 est
639 1745 790 1806 similibus
812 1743 1050 1812 condicionibus,
1077 1741 1185 1818 quibus
1211 1738 1357 1817 gladiator

41 1857 129 1900 servus
153 1843 192 1902 ad
214 1845 384 1905 libertatem
407 1849 551 1923 pervenit,
573 1849 626 1908 illo
649 1857 800 1924 tamquam
816 1847 947 1906 dominic
968 1845 1096 1904 lanistae
1115 1863 1182 1904 eum
1204 1841 1335 1902 liberari.

111 1943 258 2024 Superest
279 1958 311 2008 ut
332 1948 369 2008 de
390 1951 487 2028 ipsius
510 1951 655 2011 orationis
677 1960 852 2028 argumento
875 1949 1045 2018 uideamusa
1071 1967 1140 2006 nam
1161 1964 1238 2024 quae
1260 1944 1358 2003 adhuc

41 2049 236 2124 exposuimus,
263 2051 359 2112 obiter
380 2053 586 2112 tantummodo
608 2055 639 2112 in
661 2072 697 2112 ea
723 2061 884 2130 tanguntur
907 2070 1004 2130 neque
1030 2049 1205 2126 perveniunt
1230 2047 1269 2106 ad
1290 2065 1357 2105 cau·

40 2150 102 2209 telus
124 2170 142 2208 a
163 2152 269 2212 ldarco
295 2153 414 2214 additas
440 2155 478 2214 ad
505 2156 655 2216 crudelem
681 2155 924 2216 consuetudinem
952 2153 1085 2212 severius
1111 2149 1355 2230 restringendam.

41 2251 93 2312 Eae
117 2263 217 2314 sutem
245 2263 305 2314 tsm
328 2257 493 2336 biographo
515 2267 591 2318 teste
613 2277 701 2334 quam
725 2259 886 2318 secundum
913 2275 965 2316 aes
991 2275 1084 2334 nuper
1106 2263 1255 2332 repertum
1279 2259 1359 2310 totae

43 2371 184 2416 versantur
198 2359 229 2416 in
245 2359 412 2436 sumptibus
432 2360 569 2420 ludorum
585 2361 762 2422 minuendis.
795 2361 842 2420 Eo
863 2359 1018 2438 pervenire
1033 2358 1089 2418 sibi
1112 2356 1269 2433 proposuit
1289 2373 1359 2426 non,

43 2469 68 2514 ut
87 2459 136 2517 alii
159 2461 356 2536 imperatores
378 2463 520 2536 iecerunt,
542 2483 666 2524 numero
689 2483 844 2525 munerum
866 2463 897 2522 in
919 2461 1022 2520 eodem
1044 2459 1156 2538 oppido
1179 2459 1360 2518 edendorum

43 2557 98 2636 lege
119 2560 366 2640 determinato³)‚
389 2585 444 2625 nec
466 2565 598 2626 stabilito
621 2567 736 2644 parium
758 2585 881 2626 numero
904 2565 1005 2642 aliquo
1027 2582 1114 2640 quem
1136 2561 1279 2622 excedere
1301 2580 1360 2620 non

44 2659 187 2740 liceret⁴)‚
214 2686 271 2726 nec
298 2668 392 2744 magis
415 2687 561 2728 summam
585 2669 692 2742 finivit,
718 2688 807 2747 quam
830 2668 961 2728 muueris
983 2667 1136 2744 impensae
1157 2683 1217 2724 non
1240 2683 1360 2740 supera·

46 2775 111 2836 rent,
137 2768 230 2828 immo
252 2769 362 2828 diserte
388 2771 418 2828 in
442 2773 589 2830 sententia
611 2773 807 2831 admittuntur
828 2789 984 2830 munerum
1008 2777 1145 2844 sumptus
1167 2769 1361 2827 ducentorum

48 2867 145 2926 milium
173 2881 200 2930 st
225 2873 369 2948 quidquid
394 2891 486 2950 supro
512 2892 609 2934 susum
634 2893 744 2934 cosam
772 2877 831 2934 erit.
876 2873 962 2932 Haec
988 2873 1137 2932 sententia
1163 2889 1229 2930 cum
1256 2869 1299 2928 ita
1325 2869 1362 2928 de

48 2973 204 3032 muneribus
226 2984 341 3047 tractet,
363 2976 451 3052 quasi
473 2985 571 3034 certae
593 2995 725 3036 summae
742 2977 842 3036 omnia
862 2975 982 3048 inerint,
1004 2976 1105 3054 aliquo
1121 2975 1211 3034 modo
1227 2971 1362 3030 effectum

49 3071 79 3128 ait
98 3093 217 3135 necesse
240 3084 295 3150 est,
318 3085 350 3136 ut
371 3077 408 3136 de
430 3079 575 3156 impensis
597 3078 735 3137 ludorum
758 3089 827 3138 aute
849 3079 948 3138 editos
970 3097 1024 3139 eos
1046 3083 1208 3146 constaret;
1230 3075 1261 3133 id
1282 3073 1363 3149 quod

48 3177 195 3250 requiritur
221 3187 280 3238 tarn
302 3181 332 3238 in
354 3180 526 3240 muneribus
553 3199 590 3240 ex
613 3181 679 3258 lege
700 3181 803 3252 editis,
830 3201 896 3240 cum
918 3181 1079 3242 verisimile
1106 3180 1145 3238 sit
1169 3199 1231 3238 non
1252 3176 1364 3236 nudam

47 3275 204 3352 editionem,
227 3282 280 3340 scd
303 3282 453 3341 definitam
476 3301 593 3342 summa
614 3285 769 3344 enuntiata
790 3284 958 3344 munerario
979 3283 1149 3358 impositam
1171 3298 1251 3353 csse,
1274 3297 1364 3356 quam

47 3375 71 3434 in
90 3383 258 3442 muneribus
279 3403 318 3442 ex
340 3384 518 3444 liberalitate
540 3387 699 3463 susceptis,
722 3395 843 3464 propter
864 3386 1092 3463 promissionem
1114 3383 1262 3460 publicam
1285 3398 1365 3440 suru-

49 3498 103 3539 mae
128 3493 225 3544 certae
256 3486 294 3544 ad
322 3505 430 3546 munus
457 3485 603 3546 edendum
632 3489 821 3565 aliquetenus
850 3487 1040 3564 testatem5).
1082 3487 1123 3546 Et
1149 3485 1270 3545 omnino
1297 3502 1364 3542 cum

49 3594 194 3662 antequam
217 3605 323 3647 munus
345 3589 463 3666 publice
485 3591 636 3650 nuntiaret
658 3591 863 3651 determinatis
885 3591 1084 3668 gladiatorum
1106 3587 1226 3665 paribus
1248 3595 1278 3645 et
1296 3585 1365 3645 reli·

51 3777 240 3793 Ἢ--ι

117 3923 139 3986 ¹)
166 3926 208 3977 De
236 3927 388 3980 condicione
416 3932 541 3980 auctorati
569 3931 636 3982 inter
660 3929 766 3980 liberum
792 3937 817 3980 ct
842 3945 941 3980 servum
966 3929 1053 3980 media
1076 3942 1141 3996 quae
1168 3926 1275 3994 exposui
1290 3925 1367 3976 'alibi

52 4011 201 4072 (Jurbtiscbe
214 4017 423 4089 Abdoadlunqerr,
443 4019 568 4089 Festqolre
580 4023 629 4088 srir
642 4020 744 4073 Beseler
763 4039 788 4088 p.
804 4022 866 4084 262)
887 4038 939 4072 non
959 4029 1055 4088 repeto.

117 4111 141 4176 ²)
167 4117 268 4170 Seneca
287 4127 359 4184 pater
377 4126 493 4171 controv.
509 4123 553 4184 10,
566 4123 583 4172 4
597 4119 663 4183 (33),
679 4123 725 4170 ll:
749 4119 845 4170 laniata
864 4156 889 4170 ..
908 4121 1008 4170 iuvenes
1027 4119 1095 4186 cupit
1114 4116 1150 4168 cd
1166 4115 1287 4184 qlcdium.
1321 4115 1367 4168 Se-

51 4219 105 4256 ueea
122 4209 187 4261 filius
207 4212 369 4276 ep.99,13:
394 4211 498 4280 cdapice
520 4213 581 4264 ilica
603 4214 714 4274 iuuenes,
742 4229 803 4280 quos
827 4229 857 4262 ec
879 4210 1042 4264 nobilissimis
1065 4209 1178 4262 domibus
1200 4210 1227 4258 in
1250 4207 1368 4259 baronum

52 4297 142 4352 (muria
158 4303 278 4370 proiecit.
316 4305 421 4356 Tacitus
439 4305 499 4356 hist.
513 4308 539 4368 2,
554 4305 601 4356 62:
628 4313 726 4356 cautum
744 4319 828 4356 seuere
846 4319 876 4354 rte
898 4305 991 4371 equites
1010 4303 1118 4355 Romani
1144 4301 1203 4353 ludo
1226 4307 1250 4352 et
1274 4299 1369 4351 larena

49 4393 222 4457 polluerentur:
240 4395 345 4464 priores
368 4397 398 4448 id
416 4399 549 4466 principes
569 4399 680 4466 pecunia
703 4405 727 4449 et
746 4398 847 4465 saepius
864 4399 893 4448 ci
910 4396 1078 4466 perpulerant
1098 4411 1129 4446 ac
1149 4395 1272 4462 pleraque
1290 4393 1368 4443 muni-

53 4485 113 4551 c'pio
131 4505 160 4539 cc
178 4487 293 4540 coloniae
311 4489 499 4541 aemulabantur
518 4491 732 4559 corruptissimum
750 4505 865 4558 quemque
885 4489 1078 4541 adulescentium
1098 4489 1182 4556 pretio
1201 4487 1312 4536 inlicere.

121 4583 143 4648 Ι)
169 4587 211 4638 Ita
234 4587 341 4652 singulis
365 4590 441 4638 annis
460 4589 517 4654 pius
536 4588 598 4639 bins
616 4603 723 4640 munera
741 4589 767 4640 in
787 4588 851 4638 urbs
870 4587 953 4639 Roma
972 4587 1014 4638 edi
1034 4587 1152 4652 Augusto
1171 4586 1313 4650 imperante
1332 4598 1370 4634 ae-

53 4685 120 4728 natus
137 4681 216 4732 vetuit
235 4679 299 4742 <Dic
320 4681 362 4741 54,
381 4679 416 4741 2).

121 4775 145 4842 ⁴)
171 4778 212 4828 Its
231 4777 330 4830 Romae
353 4791 387 4826 ne
411 4779 468 4843 plus
487 4777 536 4828 LX
558 4779 631 4844 paris
650 4779 772 4830 darentur
790 4777 882 4828 eodem
901 4784 1017 4842 tempore
1036 4781 1138 4828 cautum
1158 4781 1196 4825 est
1215 4774 1278 4837 (Dio
1297 4775 1314 4824 l.
1328 4773 1371 4836 c).

55 4867 144 4920 Tiberii
162 4870 311 4921 constitutio
330 4871 422 4920 similis
441 4869 527 4936 (supra
546 4885 571 4936 p.
587 4871 639 4922 395
660 4878 713 4921 not.
727 4871 754 4933 4)
780 4872 813 4922 ad
833 4870 973 4936 municipis
992 4869 1092 4920 ridetur
1111 4868 1277 4934 pertinuisse;
1304 4874 1372 4918 certe

55 4963 186 5022 posteriore
204 4969 289 5014 aetate
307 4963 414 5027 singulis
434 4963 580 5013 civitatibus
599 4978 719 5014 numerus
738 4965 837 5029 parium
858 4969 966 5014 statutus
980 4969 1044 5026 eret,
1063 4976 1140 5027 supra
1159 4977 1234 5027 quem
1254 4961 1296 5026 qui
1316 4976 1371 5010 mu·

57 5066 97 5102 nur
109 5055 181 5106 edere
193 5055 278 5116 vellet,
297 5056 518 5105 senatusconsulto
537 5055 592 5120 lege
605 5056 742 5107 solvendus
755 5065 809 5106 erat
830 5055 946 5118 (Tacitus
962 5071 1021 5106 anu.
1035 5053 1078 5118 1³,
1093 5055 1140 5116 49;
1161 5054 1261 5105 Plinius
1280 5068 1371 5118 paneg.

59 5145 99 5204 543
122 5145 278 5198 Stactereclrt
297 5143 340 5208 2³,
361 5149 412 5196 827
434 5163 459 5197 n.
474 5147 510 5208 7).

124 5243 146 5306 ⁵)
175 5245 205 5296 C.
219 5246 270 5308 tx,
288 5245 356 5294 1175
372 5245 496 5294 Aeclsnia
516 5261 570 5295 cura
588 5261 619 5296 ec
637 5245 792 5308 (smtertium)
810 5243 962 5308 C(milidce)
977 5243 1048 5295 bidui
1066 5241 1164 5308 [munus
1182 5260 1212 5296 ee
1231 5249 1372 5296 testamento

53 5331 153 5400 fecisset,
172 5335 325 5406 impendidi]
345 5352 389 5389 suo
409 5335 459 5388 alis
478 5337 634 5402 (sestertium)
657 5337 814 5403 C(milidus)
835 5339 932 5392 tertium
951 5336 1026 5404 [diem
1045 5336 1145 5406 edidiq.

1395 1947 1516 2012 Sumptus

1398 2041 1511 2092 muneris

1390 2141 1450 2184 ante
1463 2133 1516 2182 edi·

1404 2227 1501 2276 tiouenu

1391 2319 1517 2372 stabilitus
