3374 5930
394 693 693 748 ossuevarroues
719 693 1001 748 aercaernrcna.
1290 667 1361 744 441

57 868 179 926 convenit
198 869 390 947 praepositio.
439 870 506 930 Hoc
527 871 692 948 quaeritur,
714 869 833 946 quando
855 868 954 928 Pollio
977 869 1035 928 boc
1057 869 1191 928 simileve
1215 869 1365 945 negotium

57 969 146 1044 (posse
167 971 234 1030 item
257 971 294 1030 de
315 977 410 1032 666616
439 973 566 1050 cogitari
592 991 647 1050 pro
675 973 774 1050 legato
802 971 916 1030 monuit
938 971 1125 1048 Hirschfeld)
1154 971 1370 1031 administrarit

57 1079 80 1128 61
99 1072 163 1148 6616
185 1073 332 1152 significet
354 1073 473 1134 Galliae
495 1085 630 1134 comatae
651 1075 826 1134 vocabulum
849 1074 946 1133 adhue
968 1075 997 1132 in
1022 1073 1108 1132 titulo
1131 1074 1190 1132 alio
1221 1073 1303 1132 nullo
1325 1092 1369 1130 re-

55 1182 166 1246 pertum
215 1175 343 1236 Comata
364 1176 467 1238 Gallia
495 1179 575 1256 apud
605 1178 765 1256 scriptores
788 1179 927 1254 Augusto
954 1176 1119 1236 anteriores
1141 1195 1199 1236 non
1223 1176 1370 1252 reperitur

56 1276 181 1350 nisibis,
211 1279 325 1338 scilicet
346 1282 424 1357 apud
447 1279 596 1340 Catullum
625 1281 655 1340 16
684 1281 896 1357 epigrammate
920 1278 973 1352 29,
998 1281 1014 1338 3
1043 1289 1073 1338 et
1100 1280 1150 1338 ubi
1179 1276 1284 1337 Cicero
1307 1277 1370 1334 An·

56 1380 152 1438 mnium
173 1375 343 1458 loquentem
368 1382 481 1442 inducit
507 1382 639 1460 Philipp.
661 1381 689 1456 8,
713 1382 741 1456 9,
765 1381 815 1454 27,
842 1389 1060 1459 usurpaturque
1088 1381 1207 1440 omnino
1235 1386 1370 1438 comatae

56 1481 215 1542 rotabulum
239 1491 336 1544 aetate
358 1484 470 1544 liberae
491 1485 535 1544 rei
558 1484 696 1562 publicae
717 1485 829 1561 pariter
856 1493 943 1561 atque
965 1485 1103 1544 bracatae
1124 1483 1252 1542 ludibrio
1274 1482 1370 1558 magis
1451 1535 1454 1542 .

55 1591 78 1638 et
101 1584 174 1660 vulgi
202 1603 339 1645 sermone
368 1605 457 1663 quam
486 1589 565 1646 iusto
592 1597 622 1646 et
649 1586 737 1644 cirili.
802 1586 971 1662 Imperante
1000 1589 1138 1664 Augusto
1172 1587 1222 1664 qui
1251 1584 1372 1660 scripsit

55 1683 186 1744 Nicotaus
207 1686 416 1748 Damascenus
439 1690 515 1764 (vita
529 1691 608 1766 Aug.
631 1707 656 1746 c.
673 1687 726 1766 25)
749 1685 883 1748 Galliam
906 1687 1132 1750 Narbonensem
1155 1689 1226 1746 dicit
1246 1679 1372 1746 11616666

54 1779 111 1846 rede
130 1792 304 1865 γειτνιῶντας
329 1793 366 1869 τῇ
392 1777 448 1848 river
477 1782 626 1868 θαλάττῃ,
653 1791 797 1868 reliquam
821 1791 950 1853 Galliam
975 1791 1160 1869 Cisalpinam
1187 1779 1371 1854 66116110μᾶ-

55 1913 120 1959 reur,
139 1899 175 1961 et,
189 1893 350 1970 imperator
365 1891 511 1954 Claudius
533 1894 639 1953 deinde
661 1895 691 1952 in
714 1896 849 1956 oratione
864 1895 901 1954 66
916 1905 995 1956 61616
1013 1893 1190 1966 Galliarum,
1214 1901 1369 1970 postquam

53 1995 213 2070 provinciae
232 1995 440 2056 Narbonensis
462 1997 604 2070 meminit,
629 1999 767 2070 destricte,
790 1999 896 2074 166611,
920 2003 978 2057 ium
998 2009 1123 2058 comatae
1141 1997 1258 2058 Galliae
1281 2013 1371 2055 cauea

54 2100 154 2170 apendu
181 2109 223 2156 est
248 2097 331 2173 (inde
360 2099 470 2174 pendet
495 2101 620 2159 Tacitus
648 2119 717 2158 ann.
742 2103 789 2172 11,
818 2099 881 2177 23).
932 2103 1015 2161 Inter
1041 2100 1229 2179 geographos
1258 2099 1371 2175 primus

53 2197 123 2257 hlela
142 2207 239 2259 aetate
255 2198 423 2260 Claudiana
444 2203 588 2262 terminos
612 2212 671 2262 tres
695 2201 814 2262 Galliae
837 2210 955 2280 togatae
977 2205 1117 2262 bracatae
1140 2202 1184 2278 (2,
1201 2203 1229 2276 5,
1248 2201 1300 2276 14)
1323 2219 1371 2258 co-

54 2311 137 2360 matae
159 2301 203 2379 (3,
226 2301 255 2374 9,
277 2301 331 2379 90)
353 2305 497 2376 adhibuit,
520 2319 552 2364 ut
572 2307 615 2364 ita
636 2305 889 2382 distinguerentur
913 2305 1018 2366 Gallia
1040 2305 1196 2382 Cisalpina
1217 2311 1246 2361 et
1269 2303 1373 2362 Gallia

53 2401 247 2464 Narbonensis
276 2415 306 2464 et
332 2414 393 2466 tres
417 2405 535 2466 Galliae
562 2425 638 2484 quae
663 2407 813 2480 dicuntur,
842 2407 872 2466 id
900 2407 979 2486 quod
1006 2417 1125 2468 secutus
1153 2415 1200 2466 est
1228 2407 1278 2484 qui
1306 2425 1372 2464 eum

53 2508 212 2584 compilavit
232 2507 350 2566 Plinius
376 2507 419 2584 (h.
442 2529 469 2568 6.
494 2511 523 2583 4,
549 2509 595 2582 19,
621 2509 689 2568 105.
726 2508 778 2582 18,
802 2510 834 2582 9,
859 2510 908 2570 85.
942 2511 998 2583 33,
1022 2512 1054 2584 3,
1079 2511 1127 2569 54.
1162 2509 1215 2580 36,
1247 2509 1280 2580 6,
1308 2507 1371 2584 48),

54 2609 233 2686 lacerantque
257 2611 328 2668 item
354 2609 497 2670 Lucanus
525 2612 573 2688 (1,
597 2611 687 2689 442),
716 2609 875 2672 Suetonius
906 2610 1009 2688 (Gaea.
1032 2611 1087 2685 29,
1116 2612 1166 2672 ubi
1193 2629 1294 2672 errore
1323 2627 1373 2668 co·

55 2722 124 2770 mata
150 2713 187 2771 66
216 2711 444 2772 Narbonensem
471 2714 656 2785 extenditur;
684 2713 753 2772 Tib.
781 2713 815 2786 2;
848 2715 927 2792 apud
955 2713 1174 2792 Hieronymum
1202 2714 1303 2772 chron.
1334 2711 1372 2770 ad

57 2832 78 2870 a.
98 2817 167 2874 Abr.
193 2815 297 2891 1991),
325 2814 385 2876 Dio
408 2817 458 2890 46,
482 2817 535 2890 55,
563 2835 598 2874 66
620 2817 693 2876 moti
714 2817 851 2889 omnino,
878 2817 960 2894 quod
982 2818 1069 2876 trium
1094 2815 1261 2878 Galliarum
1285 2833 1372 2874 uoca-

55 2915 144 2976 bulum
173 2917 318 2978 sollemne
346 2937 450 2996 parum
484 2919 639 2978 commode
670 2919 877 2996 opponebatur
905 2917 1098 2979 Narbonensi
1131 2929 1161 2979 et
1187 2916 1371 2993 Cisalpinae.

56 3015 104 3077 Sed
124 3020 268 3080 eiusmodi
291 3020 428 3078 vocabuli
450 3021 604 3098 usurpatio
627 3029 659 3080 ut
680 3022 844 3095 commoda,
872 3021 915 3080 ita
936 3040 1041 3098 parum
1063 3023 1185 3099 propria
1206 3021 1275 3094 iuit;
1304 3039 1371 3078 nam

55 3139 109 3179 cum
132 3131 248 3200 sumpta
269 3123 317 3196 sit,
341 3131 373 3180 nt
394 3124 436 3181 ait
457 3121 609 3193 Lucanus,
633 3143 652 3182 6
674 3124 797 3182 crinibus
821 3123 916 3197 effusis
939 3125 1069 3182 nationis
1092 3123 1238 3197 Gallicae,
1260 3123 1372 3202 pariter

55 3233 132 3300 atque
152 3245 228 3302 quae
250 3227 278 3284 ei
299 3225 461 3303 respondet
482 3245 500 3282 a
521 3227 620 3286 bracis
643 3227 669 3284 ei
692 3227 830 3304 propriis,
854 3227 1021 3302 antiquiore
1042 3235 1140 3285 aetate
1156 3228 1208 3286 rix
1229 3225 1373 3302 applicari

54 3329 139 3401 potuit
165 3329 203 3387 ad
229 3327 358 3406 populos
387 3327 525 3388 nationis'
543 3327 689 3388 diversae.
740 3329 906 3404 Propterea
931 3329 1072 3406 quamdiu
1102 3329 1251 3408 propriam
1282 3327 1371 3404 sigui·

54 3427 210 3490 ficationem
233 3430 354 3489 retinnit
380 3448 476 3506 neque
503 3431 665 3508 geographi
692 3449 756 3488 eam
784 3431 815 3489 in
843 3449 914 3489 suos
944 3449 1017 3490 usus
1045 3438 1210 3502 verterunt,
1237 3429 1372 3506 sequitur

54 3531 235 3608 Aquitaniam
258 3551 317 3591 non
339 3533 585 3610 comprehensam
607 3549 675 3591 esse
695 3530 797 3592 Gallia
820 3541 944 3592 comata.
988 3533 1064 3591 Eam
1089 3535 1289 3592 coniecturam
1312 3533 1371 3590 iam

56 3633 142 3692 firmat
161 3635 266 3694 titulus
289 3633 532 3694 Foroclodiensis
555 3631 686 3693 Galliam
709 3643 854 3693 comatam
878 3653 1032 3712 opponens
1055 3635 1249 3712 Aquitaniae,
1275 3653 1372 3710 neque

56 3737 217 3796 mirabimur
237 3737 390 3814 proprium
412 3737 551 3796 vocabuli
574 3754 659 3796 usum
686 3738 717 3796 in
743 3738 939 3815 inscriptione
965 3737 1152 3813 potissimum
1180 3736 1371 3814 deprehendi.

56 3835 106 3896 Sed
126 3849 258 3918 tempore
280 3857 400 3916 quoque
422 3839 545 3916 propius
567 3859 603 3897 ea
624 3839 739 3898 accedit
760 3839 797 3898 ad
820 3848 946 3898 aetatem
962 3837 1074 3899 Getulli
1098 3851 1127 3900 et
1142 3840 1266 3900 Antonii
1283 3857 1372 3915 quam

56 3939 86 3996 ed
103 3941 210 4001 Melam
233 3951 262 4000 et
277 3941 422 4012 Plinium
444 3961 513 4000 nam
536 3943 562 4000 si
585 3949 664 4002 reete
686 3961 750 4001 eam
770 3941 964 4014 restituimus,
988 3941 1107 4002 Galliae
1132 3951 1266 4002 comatae
1286 3960 1373 4000 voca·

56 4039 116 4102 bulo
136 4045 178 4103 ihi
200 4043 387 4121 appellantur
407 4045 579 4122 provinciae
601 4043 812 4122 Lugdunensis
835 4055 864 4102 et
884 4044 1019 4122 Belgica,
1045 4045 1075 4103 id
1098 4045 1178 4122 6606
1200 4045 1251 4103 vix
1275 4045 1374 4121 potuit

55 4141 108 4202 lieri
129 4153 288 4223 postquam
311 4148 464 4225 Augustus
486 4165 607 4206 morans
630 4147 660 4206 in
682 4145 793 4207 Galliis
817 4167 870 4224 per
892 4147 1096 4205 6138-741
1121 4157 1179 4207 tres
1201 4147 1372 4224 provincias

36 4243 114 4336 ⁸illas
135 4249 290 4308 6666111611
315 4249 357 4326 (v.
385 4267 462 4326 quae
490 4249 552 4308 dixi
580 4249 611 4308 in
633 4247 764 4308 Hermae
794 4249 851 4306 vol.
877 4251 913 4307 15
945 4267 972 4306 6.
996 4247 1074 4308 1880
1102 4268 1132 4325 p.
1155 4249 1237 4325 111).
1286 4247 1374 4322 Quod

57 4345 253 4410 Gamurrinius
281 4351 409 4410 coniecit
428 4350 659 4430 Lugdunensem
687 4351 782 4410 solam
808 4349 992 4426 aliquamdiu
1019 4361 1165 4410 comatam
1193 4351 1374 4429 appellatam

57 4467 127 4526 esse,
159 4472 254 4530 neque
279 4452 516 4530 probabilitatem
544 4453 633 4511 habet
665 4471 760 4530 neque
787 4451 962 4511 auctoritate
991 4451 1054 4511 6116
1067 4452 1262 4524 ,6616661166
1295 4462 1374 4511 certe

57 4549 258 4632 Lugdunensis
281 4555 442 4634 appellatio
464 4555 611 4634 reperitur
632 4555 691 4614 iam
714 4555 881 4633 imperante
901 4554 1023 4614 Tiberio
1046 4552 1095 4631 (C.
1108 4555 1132 4614 Ι.
1145 4554 1181 4614 L.
1198 4555 1252 4628 VI,
1269 4555 1374 4631 5197).

57 4653 255 4718 verisimiliter
277 4657 367 4736 igitur
390 4675 443 4734 per
464 4658 547 4736 ipsos
569 4657 639 4716 illos
659 4675 766 4730 66666,
788 4657 896 4735 quibus
912 4657 1067 4735 Augustus
1083 4657 1249 4718 Galliarum
1266 4666 1375 4718 statum

58 4751 206 4834 ordinarit,
234 4759 334 4820 Pollio
356 4760 528 4838 imperatori
551 4759 646 4818 adluit
668 4769 729 4819 tam
751 4779 804 4838 per
826 4759 1021 4837 Aquitaniam
1046 4779 1134 4838 quam
1162 4780 1215 4838 per
1237 4763 1375 4838 regiones

57 4863 221 4939 populorum
252 4861 445 4923 Gallicorum.
500 4861 568 4921 Hoc
598 4861 624 4921 si
657 4871 736 4922 recte
769 4862 940 4938 posuimus,
974 4880 1040 4920 cum
1073 4865 1229 4941 provincie
1256 4863 1375 4922 Narbo-

58 4967 147 5028 nensis
170 4965 286 5028 seuetui
308 4965 418 5026 tradita
441 4963 578 5024 6116660
606 4963 722 5024 demum
746 4963 821 5038 732,
848 4964 925 5024 inter
950 4965 1064 5043 primos
1091 4965 1154 5026 eius
1180 4965 1374 5044 proconsules

58 5061 147 5127 Pollio
167 5069 233 5129 tuit.

129 5171 246 5232 Pariter
272 5173 338 5232 sine
363 5171 502 5247 exemplo
530 5180 576 5231 cst
602 5169 735 5230 officium
762 5177 896 5230 extremo
922 5170 990 5229 loco
1017 5180 1228 5244 memoratum,
1262 5172 1376 5232 scilicet

59 5274 128 5347 quod
149 5275 245 5336 Pollio
269 5274 411 5351 Athene[a
433 5277 483 5332 ivit
505 5274 540 5334 ab
562 5277 629 5352 imp.
654 5272 746 5350 Caes]
769 5271 926 5351 61666666]
950 5273 1059 5350 legatus
1081 5277 1111 5333 in
1133 5273 1288 5352 [Achaiam
1309 5277 1376 5334 6116-

59 5375 111 5454 aas]
130 5377 191 5453 rel,
213 5378 295 5458 6606
317 5376 504 5440 commendat
525 5375 762 5452 Hirschfeldiua,
784 5375 926 5454 Atinam
948 5376 984 5436 66
1006 5381 1072 5456 irrep.
1099 5376 1196 5456 Caes]
1219 5376 1377 5456 [1666666]

1116 5499 1172 5558 29*
