3466 5926
317 574 380 621 xlv
889 566 1090 618 PRAEFATIO.

313 736 501 799 foraminum
530 738 617 822 origo
646 755 727 799 esse.
774 738 850 800 Nam
874 738 1025 800 Vittorius
1055 737 1311 819 archipresbyter
1333 740 1574 820 lllugnanensis,
1607 743 1660 819 qui

313 841 446 904 Nisscno
469 840 613 920 mihique
635 860 663 902 a.
692 841 772 902 4864
797 839 952 902 eiusmodi
975 839 1106 919 glandes
1129 842 1332 918 monstravit,
1358 842 1491 903 rusticos
1514 843 1586 906 eius
1609 861 1660 904 re-

313 945 415 1023 gionis
438 943 578 1006 narravit
600 943 731 1023 glandes
757 962 814 1024 pro
838 943 986 1005 amuletis
1008 953 1133 1025 portare
1157 942 1251 1006 etad
1274 943 1332 1006 hoc
1355 943 1517 1026 perforare
1540 945 1657 1007 solere.

312 1045 403 1108 Adde
426 1064 507 1126 quae
529 1046 622 1108 attuli
645 1065 677 1126 p.
696 1047 766 1108 XXI
790 1055 821 1108 et
841 1065 874 1126 p.
893 1047 987 1107 XXll.

401 1150 430 1210 4.
463 1151 566 1228 Longe
597 1149 767 1230 plerasque
797 1148 930 1230 glandes
960 1168 978 1210 a
1008 1147 1173 1212 veteribus
1203 1168 1267 1212 non
1296 1148 1394 1212 luisse
1422 1151 1593 1232 inscriptas
1621 1151 1660 1212 de

314 1253 436 1314 Picenis
458 1249 589 1332 quidem
612 1261 697 1314 certo
721 1261 916 1332 compertum
940 1262 988 1314 est
1010 1251 1231 1315 effossionibus
1254 1251 1369 1316 nostris
1389 1251 1438 1334 (cl.
1458 1273 1491 1336 p.
1511 1253 1658 1335 566464.

313 1354 399 1417 ldem
423 1352 463 1416 do
495 1354 628 1435 reliquis
657 1353 787 1418 sortasse
817 1363 903 1418 recte
926 1355 1092 1434 statuitur,
1124 1354 1181 1416 sed
1203 1375 1255 1417 res
1278 1357 1397 1418 incerta
1420 1365 1470 1418 est
1491 1367 1659 1438 propterea

314 1455 400 1538 quod
429 1457 496 1520 iere
527 1476 590 1520 666
620 1467 837 1520 memorantur
867 1457 1098 1538 colligunturve
1121 1457 1181 1520 nisi
1204 1477 1280 1536 eae,
1320 1477 1401 1538 quae
1424 1459 1660 1539 inscriptionem

312 1561 365 1622 vel
390 1561 559 1641 imaginem
583 1560 746 1622 exhibent.
794 1559 871 1623 Inde
894 1561 979 1622 enim
1003 1559 1120 1622 lactum
1144 1579 1213 1622 esse
1235 1570 1349 1642 potest,
1376 1560 1462 1642 quod
1486 1564 1518 1623 in
1542 1563 1660 1624 muscis

314 1664 530 1744 anepigrapha
560 1664 706 1746 exempla
736 1681 798 1724 666
828 1682 928 1744 pauca
963 1662 1094 1744 quidem
1124 1683 1164 1725 ex
1186 1664 1257 1726 aliis
1279 1665 1447 1727 territoriis
1480 1663 1542 1748 (ex.
1568 1684 1618 1746 gr.
1643 1684 1659 1725 e

315 1767 480 1846 Perusino,
507 1767 709 1848 maximeque
732 1786 773 1830 ex
795 1766 933 1846 Graecis)
961 1767 1177 1847 pmvenientia
1202 1777 1419 1846 asservantur,
1451 1766 1509 1830 sed
1538 1767 1659 1828 minore

315 1868 382 1931 lere
393 1868 413 1951 1)
441 1889 574 1932 numero
596 1888 691 1950 quam
714 1871 877 1951 inscripta.
896 1905 939 1914 -
954 1871 1180 1952 lnscriptarum
1203 1869 1367 1951 glandium
1388 1869 1597 1952 (paucissimis
1621 1869 1659 1930 de

318 1971 437 2052 quibus
461 1971 544 2036 inira
567 1971 693 2036 dicetur
708 1973 857 2055 exceptis)
881 1974 1022 2036 omnium
1045 1973 1170 2036 litterae
1192 1983 1356 2037 exstantes
1371 1984 1457 2052 sunt,
1483 1974 1525 2035 ita
1548 1971 1659 2051 iactae,

312 2075 403 2136 utin
434 2073 552 2137 lormae
587 2076 699 2157 argilla
728 2073 835 2139 umida
865 2077 998 2158 graphio
1026 2077 1128 2138 aliave
1158 2075 1291 2158 cuspide
1315 2076 1549 2154 inciderentur,
1586 2074 1660 2138 lun-

312 2176 435 2240 dendae
458 2177 574 2241 deinde
603 2180 699 2242 simul
721 2199 791 2242 cum
815 2178 929 2261 glande
957 2180 1037 2260 ipsa.
1083 2179 1234 2260 Exceptis
1263 2188 1413 2260 quattuor
1433 2179 1485 2240 vel
1515 2180 1658 2260 quinque

314 2299 396 2360 quae
419 2282 636 2344 sinistrorsum
661 2281 795 2364 legenda
823 2293 915 2363 sunt,
950 2281 1188 2363 exemplaribus
1211 2283 1278 2349 his:
1308 2302 1340 2343 n.
1360 2282 1391 2342 7.
1416 2281 1480 2345 324
1503 2281 1556 2342 50.
1585 2281 1655 2341 443.

315 2385 397 2460 444,
437 2384 559 2448 litterae
590 2387 623 2448 in
657 2386 754 2448 lorma
789 2387 934 2449 inversae
968 2387 1136 2466 inscriptae
1170 2383 1316 2464 luerunt,
1358 2387 1401 2447 ita
1432 2393 1468 2447 ut
1501 2385 1533 2446 in
1568 2385 1660 2464 glan-

312 2485 409 2548 dibus
432 2487 509 2568 ipsis
540 2487 726 2552 dextrorsus
757 2489 908 2570 procedat
938 2490 1107 2570 scriptura.
1161 2487 1226 2552 Sed
1253 2489 1304 2550 hic
1334 2489 1399 2549 illic
1431 2507 1489 2568 per
1519 2505 1659 2550 errorem

313 2587 455 2651 funditor
477 2591 599 2652 litteras
620 2592 762 2672 singulas
785 2593 940 2654 contrario
963 2591 1054 2654 modo
1070 2592 1227 2654 exaravit:
1255 2611 1274 2650 v
1297 2611 1329 2652 n.
1351 2591 1402 2670 47,
1427 2609 1443 2652 6
1467 2610 1499 2652 6.
1519 2591 1558 2650 84
1577 2611 1607 2652 v.
1626 2611 1656 2664 a,

313 2691 494 2755 lortassew
522 2713 554 2756 6.
580 2694 632 2754 54.
658 2716 681 2756 ι.
712 2730 756 2740 -
785 2697 819 2756 46
852 2695 1013 2757 nonnullis
1039 2693 1081 2776 (6.
1110 2695 1171 2755 404
1201 2693 1253 2757 58.
1281 2694 1419 2756 55-60,
1446 2695 1497 2754 69.
1524 2695 1577 2753 80.
1603 2693 1655 2754 82.

313 2795 366 2856 85.
385 2793 436 2876 92)
456 2814 569 2858 versus
591 2799 676 2860 terni
692 2797 880 2878 quaternivc
904 2797 946 2859 ita
970 2799 1091 2860 exarati
1114 2807 1198 2877 sunt,
1225 2807 1261 2860 ut
1283 2789 1507 2882 βουστροφηδὸν
1530 2793 1658 2876 legendi

313 2899 388 2960 sint.
425 2899 501 2960 Bina
524 2899 623 2961 latera
647 2900 796 2980 inscripta
819 2908 893 2962 sunt
915 2899 1045 2962 barum:
1072 2921 1104 2963 6.
1125 2901 1154 2963 4.
1173 2902 1205 2963 2.
1224 2901 1274 2963 26.
1293 2903 1342 2963 24.
1360 2903 1391 2962 3.
1410 2901 1460 2962 aa.
1481 2902 1512 2960 9.
1532 2899 1584 2960 44.
1605 2900 1655 2960 46.

314 3003 367 3065 25.
393 3005 445 3064 29.
474 3001 612 3066 49-52.
639 3002 691 3063 56.
717 3001 769 3066 57,
796 3003 849 3064 ta.
876 3004 928 3064 64.
955 3005 1006 3066 63.
1033 3005 1171 3066 06-68.
1198 3003 1337 3066 70-80.
1364 3004 1411 3064 et.
1438 3003 1490 3066 93.
1509 3003 1562 3066 95.
1584 3003 1654 3062 408.

316 3107 388 3167 442.
417 3106 489 3166 tta.
518 3104 589 3168 ll'l.
618 3107 696 3184 420;
732 3105 816 3167 idem
840 3105 956 3168 lactum
980 3108 1084 3169 66446
1107 3107 1173 3183 his,
1212 3126 1347 3188 quarum
1373 3117 1479 3168 tamen
1503 3105 1603 3168 latera
1626 3106 1658 3166 in

313 3219 421 3270 ternas
436 3209 586 3289 pluresve
609 3227 701 3271 areas
717 3218 792 3272 sunt
807 3207 950 3271 divisae:
976 3228 1009 3270 n.
1030 3211 1081 3270 40.
1099 3211 1153 3273 22.
1171 3212 1225 3273 23.
1243 3210 1296 3272 53.
1316 3209 1369 3270 56.
1387 3209 1440 3269 58.
1460 3211 1511 3270 60.
1532 3211 1585 3270 62.
1604 3210 1655 3268 69,

313 3314 365 3374 82.
393 3313 444 3374 92.
471 3314 522 3374 94.
544 3311 597 3373 97.
616 3315 668 3372 99.
689 3312 761 3374 448.
783 3345 820 3357 -
839 3312 1102 3375 Paucissimarum
1126 3314 1369 3394 inscriptionum
1392 3319 1561 3375 excavatae
1584 3319 1660 3372 sunt

313 3415 451 3494 litterae,
466 3434 545 3496 quas
561 3416 593 3476 in
609 3415 678 3478 lusa
694 3417 756 3477 iam
772 3414 886 3497 glande
904 3416 1098 3496 scariphatas
1113 3435 1184 3478 esse
1196 3425 1345 3498 apparet:
1365 3435 1398 3477 6.
1412 3417 1452 3476 20
1475 3414 1511 3496 (si
1528 3414 1660 3493 antiqua

313 3517 383 3598 est),
410 3519 461 3580 04.
491 3519 562 3580 409.
592 3519 664 3579 440.
687 3520 747 3580 428
767 3517 884 3600 (addi,
911 3518 1117 3599 eiusdemque
1140 3520 1269 3600 generis
1291 3521 1331 3580 66
1355 3517 1484 3580 videtur
1506 3516 1656 3597 luissc²J;

313 3620 438 3701 glandis
460 3621 573 3683 unicae
596 3640 629 3682 6.
649 3622 689 3681 88
713 3622 876 3703 inscriptio
899 3631 954 3684 aut
977 3622 1076 3685 incisa
1098 3631 1153 3686 aut
1174 3623 1260 3687 eaelo
1282 3621 1413 3684 lortasse
1436 3621 1526 3682 tenui
1549 3619 1660 3681 incusa

314 3732 374 3787 est.
413 3723 672 3805 Scaripbatarum
695 3725 854 3806 scriptura
876 3725 1010 3805 cursiva,
1037 3735 1217 3788 ceterarum
1233 3725 1388 3806 quadrata
1410 3732 1475 3802 est;
1502 3720 1660 3803 quaedam

314 3825 456 3888 medium
479 3827 563 3888 inter
591 3837 760 3908 utramque
791 3826 923 3891 formam
953 3829 1056 3890 locum
1080 3837 1191 3891 tenent
1216 3828 1329 3891 litteris
1357 3825 1579 3908 gracilioribus
1602 3845 1661 3887 ex-

313 3938 437 4010 aratae,
469 3948 551 4010 quae
581 3949 680 4012 prope
710 3930 866 3994 accedunt
895 3930 936 3993 ad
965 3931 1066 4013 pictas
1089 3933 1139 3994 vel
1162 3933 1278 3994 calamo
1308 3931 1442 4012 scriptas
1465 3929 1517 3990 vel
1539 3927 1660 3991 tabulis

314 4033 443 4094 abeneis
466 4032 581 4094 incisas
606 4034 666 4114 (ex.
693 4053 740 4114 gr.
767 4053 798 4096 n.
820 4035 869 4094 45.
898 4035 937 4094 48
961 4045 993 4097 64
1016 4035 1154 4116 quadam
1177 4043 1270 4098 tenus
1295 4035 1346 4096 40.
1367 4031 1432 4117 44).

401 4136 579 4216 Numquam
615 4145 720 4199 autem
753 4138 997 4219 inscriptiones,
1024 4149 1182 4220 quatenus
1210 4139 1388 4201 litterarum
1419 4132 1631 4199 eminentium
1640 4133 1661 4215 ³)

315 4247 400 4316 sunt,
427 4237 692 4321 incudendo⁴)
720 4249 796 4304 sunt
818 4240 936 4320 iactae;
962 4261 1037 4305 nam
1051 4243 1155 4306 omnia
1178 4241 1211 4304 id
1231 4260 1332 4322 genus
1348 4238 1552 4320 exemplaria,
1578 4256 1662 4318 quae

314 4445 433 4510 lapidem
454 4445 619 4498 Heliodorus
636 4446 714 4498 neth.
736 4448 782 4510 444,
798 4451 828 4510 4;
850 4447 950 4499 4664646
968 4461 1039 4512 quae
1062 4461 1095 4499 ex
1117 4448 1219 4514 oppido
1244 4448 1357 4511 Attegua
1381 4461 1397 4497 a
1415 4443 1604 4512 proditoribus
1627 4443 1662 4494 ad

317 4531 461 4582 Caesarem
483 4531 670 4594 mittebantur,
696 4534 827 4599 inscripta
845 4535 923 4584 erant
941 4532 1086 4598 glandibus
1104 4534 1183 4600 ipsis;
1203 4532 1238 4586 cl.
1257 4549 1284 4600 p.
1303 4537 1335 4583 48
1354 4535 1417 4584 6646
1434 4545 1461 4581 6.
1482 4534 1524 4581 to.

384 4619 406 4680 4)
425 4618 454 4667 46
474 4631 568 4670 ι66666
588 4619 778 4672 Panormitano
796 4619 898 4670 multae
917 4621 1093 4686 inscriptione
1117 4623 1243 4672 carentes
1261 4619 1456 4678 adservantur;
1488 4615 1522 4667 cl.
1542 4615 1660 4675 Salinas.

314 4705 446 4756 mercedi
464 4704 521 4756 Pol.
542 4707 607 4755 4876
626 4719 653 4771 p.
669 4709 711 4756 tt.

383 4788 409 4852 24
433 4789 529 4855 spuria
553 4795 594 4841 eat
612 4805 639 4844 6.
661 4789 742 4842 tw.
779 4793 926 4858 suspectae
949 4795 1012 4842 sunt
1044 4805 1070 4841 6.
1091 4795 1125 4841 aa
1145 4793 1201 4842 not.
1221 4791 1248 4842 64
1265 4790 1356 4852 84*8;
1376 4789 1411 4841 de
1429 4789 1472 4840 bis
1489 4789 1608 4851 itemque
1627 4787 1662 4836 de

314 4887 341 4923 6.
352 4877 375 4935 6,
387 4876 418 4924 49
432 4878 488 4927 not.
502 4876 684 4928 differendum
697 4879 738 4929 eet
749 4877 896 4939 iudicium,
911 4877 999 4930 donoc
1011 4878 1102 4929 denuo
1115 4879 1283 4929 examinatae
1295 4876 1404 4928 inerint.
1434 4877 1462 4924 ln
1476 4874 1558 4924 unius
1570 4885 1598 4923 n.
1612 4877 1661 4921 424

314 4959 401 5023 (add.)
421 4963 505 5012 latere
522 4963 608 5014 altero
627 4964 732 5015 litterae
745 4967 809 5017 sunt
826 4967 981 5025 excavatae,
1001 4964 1050 5016 sed
1069 4965 1150 5016 simul
1169 4977 1233 5016 cum
1252 4964 1357 5029 glandis
1375 4961 1481 5014 lusione
1498 4958 1595 5011 iactae.

383 5047 408 5109 a)
438 5049 525 5100 Vnica
549 5049 690 5115 inscriptio
720 5063 748 5101 6.
769 5055 817 5114 88,
846 5052 925 5102 cuius
952 5051 1058 5103 litterae
1084 5053 1229 5103 excavatae
1255 5053 1332 5114 6664,
1361 5047 1518 5101 incedendo
1545 5044 1661 5096 fortasse

313 5137 382 5190 iacta
400 5137 450 5195 est,
470 5135 519 5186 sed
538 5149 591 5186 non
611 5137 637 5186 46
656 5135 741 5187 forma
760 5139 791 5188 64
807 5137 984 5189 adulteratae.

385 5220 408 5282 4)
436 5219 557 5272 ltubbius
574 5223 717 5275 6464666646
736 5223 795 5274 44444
818 5224 903 5288 (treet
924 5237 951 5288 p.
967 5227 1015 5273 tro
1040 5225 1144 5276 litteras
1169 5224 1277 5275 Siculae
1301 5223 1445 5275 cniusdam
1462 5222 1569 5287 glandis
1590 5219 1662 5292 (νίκη

312 5299 486 5378 Ἀθηνίωνος)
504 5299 626 5372 'amicita'
645 5311 670 5360 et
683 5309 721 5362 De
733 5309 840 5360 llinicie
857 5311 911 5374 (qui
930 5311 1041 5360 omnino
1059 5309 1094 5361 de
1106 5309 1253 5375 glandibus
1265 5307 1430 5361 fabricandis
1446 5309 1517 5360 mira
1534 5309 1661 5374 protulit;
