<?xml version="1.0" encoding="UTF-8"?>
<!DOCTYPE html PUBLIC "-//W3C//DTD XHTML 1.0 Transitional//EN"
    "http://www.w3.org/TR/xhtml1/DTD/xhtml1-transitional.dtd">
<html xmlns="http://www.w3.org/1999/xhtml" xml:lang="en" lang="en">
 <head>
  <title>
</title>
<meta http-equiv="Content-Type" content="text/html;charset=utf-8" />
  <meta name='ocr-system' content='tesseract 3.04.00' />
  <meta name='ocr-capabilities' content='ocr_page ocr_carea ocr_par ocr_line ocrx_word'/>
</head>
<body>
  <div class='ocr_page' id='page_1' title='image "./ephemerisepigra14instgoog_0235.png"; bbox 0 0 3392 5928; ppageno 0'>
   <div class='ocr_carea' id='block_1_1' title="bbox 274 649 1051 700">
    <p class='ocr_par' dir='ltr' id='par_1_1' title="bbox 274 649 1051 700">
     <span class='ocr_line' id='line_1_1' title="bbox 274 649 1051 700; baseline -0.001 0"><span class='ocrx_word' id='word_1_1' title='bbox 274 649 315 700; x_wconf 86' lang='lat' dir='ltr'><strong>lv</strong></span> <span class='ocrx_word' id='word_1_2' title='bbox 830 649 1051 700; x_wconf 71' lang='lat' dir='ltr'>PRAEFATIO.</span> 
     </span>
    </p>
   </div>
   <div class='ocr_carea' id='block_1_2' title="bbox 276 817 1613 1100">
    <p class='ocr_par' dir='ltr' id='par_1_2' title="bbox 276 817 1613 1100">
     <span class='ocr_line' id='line_1_2' title="bbox 276 817 1613 898; baseline -0.004 -19"><span class='ocrx_word' id='word_1_3' title='bbox 276 840 295 879; x_wconf 83' lang='lat' dir='ltr'><strong>e</strong></span> <span class='ocrx_word' id='word_1_4' title='bbox 316 819 470 898; x_wconf 80' lang='lat' dir='ltr'><strong>Purgoldo</strong></span> <span class='ocrx_word' id='word_1_5' title='bbox 493 819 539 878; x_wconf 85' lang='lat' dir='ltr'><strong>vel</strong></span> <span class='ocrx_word' id='word_1_6' title='bbox 561 819 754 878; x_wconf 81' lang='lat' dir='ltr'><strong>eDessario.</strong></span> <span class='ocrx_word' id='word_1_7' title='bbox 795 818 875 878; x_wconf 81' lang='lat' dir='ltr'><strong>Nam</strong></span> <span class='ocrx_word' id='word_1_8' title='bbox 898 838 975 896; x_wconf 88' lang='lat' dir='ltr'><strong>quos</strong></span> <span class='ocrx_word' id='word_1_9' title='bbox 991 818 1145 898; x_wconf 74' lang='lat' dir='ltr'><strong>Cognatas</strong></span> <span class='ocrx_word' id='word_1_10' title='bbox 1167 821 1198 878; x_wconf 91' lang='lat' dir='ltr'><strong>in</strong></span> <span class='ocrx_word' id='word_1_11' title='bbox 1219 821 1323 878; x_wconf 90' lang='lat' dir='ltr'><strong>ultimo</strong></span> <span class='ocrx_word' id='word_1_12' title='bbox 1345 819 1452 878; x_wconf 87' lang='lat' dir='ltr'><strong>itinere</strong></span> <span class='ocrx_word' id='word_1_13' title='bbox 1473 817 1613 894; x_wconf 78' lang='lat' dir='ltr'><strong>percepit</strong></span> 
     </span>
     <span class='ocr_line' id='line_1_3' title="bbox 276 919 1612 998; baseline -0.004 -18"><span class='ocrx_word' id='word_1_14' title='bbox 276 921 405 991; x_wconf 83' lang='lat' dir='ltr'><strong>fructus,</strong></span> <span class='ocrx_word' id='word_1_15' title='bbox 432 921 470 980; x_wconf 84' lang='lat' dir='ltr'><strong>ud</strong></span> <span class='ocrx_word' id='word_1_16' title='bbox 492 939 545 980; x_wconf 89' lang='lat' dir='ltr'><strong>eos</strong></span> <span class='ocrx_word' id='word_1_17' title='bbox 568 921 680 979; x_wconf 84' lang='lat' dir='ltr'><strong>editum</strong></span> <span class='ocrx_word' id='word_1_18' title='bbox 703 922 872 980; x_wconf 89' lang='lat' dir='ltr'><strong>hominibus</strong></span> <span class='ocrx_word' id='word_1_19' title='bbox 896 921 990 980; x_wconf 88' lang='lat' dir='ltr'><strong>doctis</strong></span> <span class='ocrx_word' id='word_1_20' title='bbox 1019 932 1067 980; x_wconf 86' lang='lat' dir='ltr'><strong>sat</strong></span> <span class='ocrx_word' id='word_1_21' title='bbox 1092 923 1212 980; x_wconf 76' lang='lat' dir='ltr'><strong>facilem</strong></span> <span class='ocrx_word' id='word_1_22' title='bbox 1238 923 1304 998; x_wconf 86' lang='lat' dir='ltr'><strong>ipse</strong></span> <span class='ocrx_word' id='word_1_23' title='bbox 1328 921 1447 998; x_wconf 83' lang='lat' dir='ltr'><strong>speruit</strong></span> <span class='ocrx_word' id='word_1_24' title='bbox 1472 921 1503 977; x_wconf 94' lang='lat' dir='ltr'><strong>in</strong></span> <span class='ocrx_word' id='word_1_25' title='bbox 1532 919 1612 975; x_wconf 90' lang='lat' dir='ltr'><strong>libro</strong></span> 
     </span>
     <span class='ocr_line' id='line_1_4' title="bbox 276 1021 1613 1100; baseline -0.002 -20"><span class='ocrx_word' id='word_1_26' title='bbox 276 1023 445 1100; x_wconf 83' lang='lat' dir='ltr'>nuperrime</span> <span class='ocrx_word' id='word_1_27' title='bbox 468 1023 563 1090; x_wconf 84' lang='lat' dir='ltr'><strong>edito,</strong></span> <span class='ocrx_word' id='word_1_28' title='bbox 590 1023 708 1098; x_wconf 80' lang='lat' dir='ltr'><strong>quando</strong></span> <span class='ocrx_word' id='word_1_29' title='bbox 730 1024 804 1080; x_wconf 84' lang='lat' dir='ltr'><strong>hsee</strong></span> <span class='ocrx_word' id='word_1_30' title='bbox 826 1024 1028 1082; x_wconf 78' lang='lat' dir='ltr'><strong>additamento</strong></span> <span class='ocrx_word' id='word_1_31' title='bbox 1049 1025 1210 1082; x_wconf 75' lang='lat' dir='ltr'><strong>maximam</strong></span> <span class='ocrx_word' id='word_1_32' title='bbox 1232 1031 1344 1098; x_wconf 79' lang='lat' dir='ltr'><strong>portem</strong></span> <span class='ocrx_word' id='word_1_33' title='bbox 1367 1023 1426 1080; x_wconf 80' lang='lat' dir='ltr'><strong>ism</strong></span> <span class='ocrx_word' id='word_1_34' title='bbox 1449 1021 1539 1097; x_wconf 79' lang='lat' dir='ltr'><strong>prela</strong></span> <span class='ocrx_word' id='word_1_35' title='bbox 1564 1039 1613 1076; x_wconf 89' lang='lat' dir='ltr'><strong>re·</strong></span> 
     </span>
    </p>
   </div>
   <div class='ocr_carea' id='block_1_3' title="bbox 269 1122 1680 3537">
    <p class='ocr_par' dir='ltr' id='par_1_3' title="bbox 274 1122 1680 1284">
     <span class='ocr_line' id='line_1_5' title="bbox 275 1122 1680 1202; baseline -0.003 -20"><span class='ocrx_word' id='word_1_36' title='bbox 275 1123 437 1200; x_wconf 86' lang='lat' dir='ltr'><strong>liquerant,</strong></span> <span class='ocrx_word' id='word_1_37' title='bbox 469 1125 613 1182; x_wconf 83' lang='lat' dir='ltr'><strong>nouvelles</strong></span> <span class='ocrx_word' id='word_1_38' title='bbox 641 1125 835 1201; x_wconf 70' lang='lat' dir='ltr'><strong>exploratione</strong></span> <span class='ocrx_word' id='word_1_39' title='bbox 863 1125 1084 1202; x_wconf 78' lang='lat' dir='ltr'><strong>lpiprapln&#39;puee</strong></span> <span class='ocrx_word' id='word_1_40' title='bbox 1110 1133 1137 1182; x_wconf 81' lang='lat' dir='ltr'><strong>at</strong></span> <span class='ocrx_word' id='word_1_41' title='bbox 1162 1125 1394 1200; x_wconf 78' lang='lat' dir='ltr'><strong>arcltlolopr&#39;qass</strong></span> <span class='ocrx_word' id='word_1_42' title='bbox 1425 1142 1461 1180; x_wconf 84' lang='lat' dir='ltr'><strong>ea</strong></span> <span class='ocrx_word' id='word_1_43' title='bbox 1489 1122 1613 1179; x_wconf 70' lang='lat' dir='ltr'><strong>Ibunisie</strong></span> <span class='ocrx_word' id='word_1_44' title='bbox 1679 1135 1680 1138; x_wconf 73' lang='grc'>’</span> 
     </span>
     <span class='ocr_line' id='line_1_6' title="bbox 274 1225 532 1284; baseline 0 0"><span class='ocrx_word' id='word_1_45' title='bbox 274 1225 374 1284; x_wconf 82' lang='lat' dir='ltr'><strong>Paris.</strong></span> <span class='ocrx_word' id='word_1_46' title='bbox 397 1245 423 1284; x_wconf 83' lang='lat' dir='ltr'><strong>e.</strong></span> <span class='ocrx_word' id='word_1_47' title='bbox 444 1225 532 1284; x_wconf 93' lang='grc'><strong>1887.</strong></span> 
     </span>
    </p>

    <p class='ocr_par' dir='ltr' id='par_1_4' title="bbox 275 1325 1611 1506">
     <span class='ocr_line' id='line_1_7' title="bbox 318 1325 1611 1404; baseline -0.005 -18"><span class='ocrx_word' id='word_1_48' title='bbox 318 1325 400 1386; x_wconf 87' lang='lat' dir='ltr'><strong>Situs</strong></span> <span class='ocrx_word' id='word_1_49' title='bbox 422 1345 524 1386; x_wconf 87' lang='lat' dir='ltr'><strong>eorum</strong></span> <span class='ocrx_word' id='word_1_50' title='bbox 546 1327 690 1398; x_wconf 86' lang='lat' dir='ltr'><strong>locorum,</strong></span> <span class='ocrx_word' id='word_1_51' title='bbox 711 1327 760 1386; x_wconf 91' lang='lat' dir='ltr'><strong>ubi</strong></span> <span class='ocrx_word' id='word_1_52' title='bbox 784 1327 957 1404; x_wconf 87' lang='lat' dir='ltr'><strong>prodierunt</strong></span> <span class='ocrx_word' id='word_1_53' title='bbox 978 1328 1056 1386; x_wconf 90' lang='lat' dir='ltr'><strong>tituli</strong></span> <span class='ocrx_word' id='word_1_54' title='bbox 1078 1327 1109 1386; x_wconf 94' lang='lat' dir='ltr'><strong>in</strong></span> <span class='ocrx_word' id='word_1_55' title='bbox 1131 1329 1179 1386; x_wconf 90' lang='lat' dir='ltr'><strong>his</strong></span> <span class='ocrx_word' id='word_1_56' title='bbox 1199 1327 1411 1385; x_wconf 77' lang='lat' dir='ltr'><strong>additamentis</strong></span> <span class='ocrx_word' id='word_1_57' title='bbox 1425 1325 1526 1396; x_wconf 75' lang='lat' dir='ltr'><strong>relati,</strong></span> <span class='ocrx_word' id='word_1_58' title='bbox 1549 1341 1611 1399; x_wconf 91' lang='lat' dir='ltr'><strong>quo</strong></span> 
     </span>
     <span class='ocr_line' id='line_1_8' title="bbox 275 1425 1548 1506; baseline -0.002 -20"><span class='ocrx_word' id='word_1_59' title='bbox 275 1428 392 1486; x_wconf 79' lang='lat' dir='ltr'><strong>facilins</strong></span> <span class='ocrx_word' id='word_1_60' title='bbox 414 1439 655 1505; x_wconf 77' lang='lat' dir='ltr'>cognosceretur,</span> <span class='ocrx_word' id='word_1_61' title='bbox 676 1447 786 1506; x_wconf 83' lang='lat' dir='ltr'><strong>mepps</strong></span> <span class='ocrx_word' id='word_1_62' title='bbox 807 1429 947 1488; x_wconf 76' lang='lat' dir='ltr'><strong>adiuncta</strong></span> <span class='ocrx_word' id='word_1_63' title='bbox 968 1439 1013 1487; x_wconf 89' lang='lat' dir='ltr'><strong>est</strong></span> <span class='ocrx_word' id='word_1_64' title='bbox 1034 1429 1172 1488; x_wconf 80' lang='lat' dir='ltr'><strong>conlecta</strong></span> <span class='ocrx_word' id='word_1_65' title='bbox 1193 1430 1231 1487; x_wconf 83' lang='lat' dir='ltr'><strong>eb</strong></span> <span class='ocrx_word' id='word_1_66' title='bbox 1253 1427 1385 1487; x_wconf 78' lang='lat' dir='ltr'><strong>Rieurdo</strong></span> <span class='ocrx_word' id='word_1_67' title='bbox 1406 1425 1548 1501; x_wconf 85' lang='lat' dir='ltr'><strong>Kiepert.</strong></span> 
     </span>
    </p>

    <p class='ocr_par' dir='ltr' id='par_1_5' title="bbox 270 1526 1611 2522">
     <span class='ocr_line' id='line_1_9' title="bbox 318 1526 1611 1606; baseline -0.004 -18"><span class='ocrx_word' id='word_1_68' title='bbox 318 1528 486 1588; x_wconf 79' lang='lat' dir='ltr'><strong>Concordia</strong></span> <span class='ocrx_word' id='word_1_69' title='bbox 508 1531 602 1600; x_wconf 81' lang='lat' dir='ltr'><strong>bons,</strong></span> <span class='ocrx_word' id='word_1_70' title='bbox 628 1549 716 1606; x_wconf 87' lang='lat' dir='ltr'><strong>quam</strong></span> <span class='ocrx_word' id='word_1_71' title='bbox 739 1532 770 1589; x_wconf 89' lang='lat' dir='ltr'><strong>in</strong></span> <span class='ocrx_word' id='word_1_72' title='bbox 793 1531 942 1606; x_wconf 78' lang='lat' dir='ltr'><strong>prioribus</strong></span> <span class='ocrx_word' id='word_1_73' title='bbox 969 1530 1177 1588; x_wconf 72' lang='lat' dir='ltr'><strong>additamentis</strong></span> <span class='ocrx_word' id='word_1_74' title='bbox 1204 1530 1324 1589; x_wconf 88' lang='lat' dir='ltr'><strong>selectis</strong></span> <span class='ocrx_word' id='word_1_75' title='bbox 1351 1528 1473 1588; x_wconf 87' lang='lat' dir='ltr'><strong>edendis</strong></span> <span class='ocrx_word' id='word_1_76' title='bbox 1504 1526 1611 1585; x_wconf 69' lang='lat' dir='ltr'><strong>fauni·</strong></span> 
     </span>
     <span class='ocr_line' id='line_1_10' title="bbox 274 1630 1609 1708; baseline -0.004 -19"><span class='ocrx_word' id='word_1_77' title='bbox 274 1649 338 1689; x_wconf 86' lang='lat' dir='ltr'><strong>cem</strong></span> <span class='ocrx_word' id='word_1_78' title='bbox 361 1631 589 1704; x_wconf 74' lang='lat' dir='ltr'><strong>celebravimus,</strong></span> <span class='ocrx_word' id='word_1_79' title='bbox 612 1634 700 1690; x_wconf 84' lang='lat' dir='ltr'><strong>etiem</strong></span> <span class='ocrx_word' id='word_1_80' title='bbox 724 1633 754 1690; x_wconf 94' lang='lat' dir='ltr'><strong>in</strong></span> <span class='ocrx_word' id='word_1_81' title='bbox 776 1633 824 1690; x_wconf 92' lang='lat' dir='ltr'><strong>bis</strong></span> <span class='ocrx_word' id='word_1_82' title='bbox 846 1651 903 1708; x_wconf 87' lang='lat' dir='ltr'><strong>ope</strong></span> <span class='ocrx_word' id='word_1_83' title='bbox 925 1651 980 1691; x_wconf 85' lang='lat' dir='ltr'><strong>sue</strong></span> <span class='ocrx_word' id='word_1_84' title='bbox 1000 1651 1056 1690; x_wconf 91' lang='lat' dir='ltr'><strong>nos</strong></span> <span class='ocrx_word' id='word_1_85' title='bbox 1077 1649 1137 1691; x_wconf 92' lang='lat' dir='ltr'><strong>non</strong></span> <span class='ocrx_word' id='word_1_86' title='bbox 1158 1632 1300 1690; x_wconf 79' lang='lat' dir='ltr'><strong>destituit.</strong></span> <span class='ocrx_word' id='word_1_87' title='bbox 1343 1631 1482 1706; x_wconf 78' lang='lat' dir='ltr'><strong>Namque</strong></span> <span class='ocrx_word' id='word_1_88' title='bbox 1498 1630 1609 1706; x_wconf 89' lang='lat' dir='ltr'><strong>quibus</strong></span> 
     </span>
     <span class='ocr_line' id='line_1_11' title="bbox 273 1732 1608 1810; baseline -0.003 -20"><span class='ocrx_word' id='word_1_89' title='bbox 273 1741 344 1790; x_wconf 91' lang='lat' dir='ltr'><strong>tunc</strong></span> <span class='ocrx_word' id='word_1_90' title='bbox 364 1733 477 1808; x_wconf 80' lang='lat' dir='ltr'><strong>gratiss</strong></span> <span class='ocrx_word' id='word_1_91' title='bbox 500 1733 620 1810; x_wconf 89' lang='lat' dir='ltr'><strong>publice</strong></span> <span class='ocrx_word' id='word_1_92' title='bbox 642 1733 757 1810; x_wconf 79' lang='lat' dir='ltr'><strong>egimus</strong></span> <span class='ocrx_word' id='word_1_93' title='bbox 780 1753 834 1810; x_wconf 90' lang='lat' dir='ltr'><strong>pro</strong></span> <span class='ocrx_word' id='word_1_94' title='bbox 856 1733 955 1792; x_wconf 90' lang='lat' dir='ltr'><strong>studio</strong></span> <span class='ocrx_word' id='word_1_95' title='bbox 977 1733 1157 1810; x_wconf 85' lang='lat' dir='ltr'><strong>officiisque,</strong></span> <span class='ocrx_word' id='word_1_96' title='bbox 1182 1752 1258 1810; x_wconf 82' lang='lat' dir='ltr'><strong>quse</strong></span> <span class='ocrx_word' id='word_1_97' title='bbox 1280 1743 1310 1791; x_wconf 92' lang='lat' dir='ltr'><strong>et</strong></span> <span class='ocrx_word' id='word_1_98' title='bbox 1335 1733 1366 1790; x_wconf 92' lang='lat' dir='ltr'><strong>in</strong></span> <span class='ocrx_word' id='word_1_99' title='bbox 1389 1732 1494 1790; x_wconf 84' lang='lat' dir='ltr'><strong>Airics</strong></span> <span class='ocrx_word' id='word_1_100' title='bbox 1523 1749 1608 1808; x_wconf 90' lang='lat' dir='ltr'><strong>pere-</strong></span> 
     </span>
     <span class='ocr_line' id='line_1_12' title="bbox 273 1832 1608 1909; baseline -0.001 -19"><span class='ocrx_word' id='word_1_101' title='bbox 273 1835 404 1909; x_wconf 75' lang='lat' dir='ltr'><strong>grinanti</strong></span> <span class='ocrx_word' id='word_1_102' title='bbox 427 1845 457 1894; x_wconf 88' lang='lat' dir='ltr'><strong>et</strong></span> <span class='ocrx_word' id='word_1_103' title='bbox 478 1835 558 1894; x_wconf 90' lang='lat' dir='ltr'><strong>domi</strong></span> <span class='ocrx_word' id='word_1_104' title='bbox 581 1835 685 1894; x_wconf 85' lang='lat' dir='ltr'><strong>titulos</strong></span> <span class='ocrx_word' id='word_1_105' title='bbox 708 1837 919 1894; x_wconf 79' lang='lat' dir='ltr'><strong>commententi</strong></span> <span class='ocrx_word' id='word_1_106' title='bbox 940 1835 1104 1894; x_wconf 78' lang='lat' dir='ltr'><strong>liberaliter</strong></span> <span class='ocrx_word' id='word_1_107' title='bbox 1126 1835 1197 1893; x_wconf 87' lang='lat' dir='ltr'><strong>mihi</strong></span> <span class='ocrx_word' id='word_1_108' title='bbox 1216 1834 1417 1906; x_wconf 78' lang='lat' dir='ltr'><strong>reddiderant,</strong></span> <span class='ocrx_word' id='word_1_109' title='bbox 1438 1833 1531 1892; x_wconf 90' lang='lat' dir='ltr'><strong>iidem</strong></span> <span class='ocrx_word' id='word_1_110' title='bbox 1546 1832 1608 1890; x_wconf 82' lang='lat' dir='ltr'><strong>fere</strong></span> 
     </span>
     <span class='ocr_line' id='line_1_13' title="bbox 272 1931 1607 2013; baseline 0 -21"><span class='ocrx_word' id='word_1_111' title='bbox 272 1935 407 1994; x_wconf 90' lang='lat' dir='ltr'><strong>homines</strong></span> <span class='ocrx_word' id='word_1_112' title='bbox 429 1937 517 1994; x_wconf 80' lang='lat' dir='ltr'><strong>etiam</strong></span> <span class='ocrx_word' id='word_1_113' title='bbox 541 1955 619 1994; x_wconf 90' lang='lat' dir='ltr'><strong>nunc</strong></span> <span class='ocrx_word' id='word_1_114' title='bbox 640 1955 694 1994; x_wconf 88' lang='lat' dir='ltr'><strong>nec</strong></span> <span class='ocrx_word' id='word_1_115' title='bbox 720 1937 792 1996; x_wconf 89' lang='lat' dir='ltr'><strong>mibi</strong></span> <span class='ocrx_word' id='word_1_116' title='bbox 819 1936 973 1996; x_wconf 79' lang='lat' dir='ltr'><strong>defuerunt</strong></span> <span class='ocrx_word' id='word_1_117' title='bbox 1001 1956 1056 1996; x_wconf 90' lang='lat' dir='ltr'><strong>nee</strong></span> <span class='ocrx_word' id='word_1_118' title='bbox 1076 1935 1232 2013; x_wconf 83' lang='lat' dir='ltr'><strong>Purgoldo</strong></span> <span class='ocrx_word' id='word_1_119' title='bbox 1258 1955 1295 1994; x_wconf 81' lang='lat' dir='ltr'><strong>ac</strong></span> <span class='ocrx_word' id='word_1_120' title='bbox 1314 1935 1473 1995; x_wconf 83' lang='lat' dir='ltr'><strong>Desssuio.</strong></span> <span class='ocrx_word' id='word_1_121' title='bbox 1525 1931 1607 2006; x_wconf 85' lang='lat' dir='ltr'><strong>Quo·</strong></span> 
     </span>
     <span class='ocr_line' id='line_1_14' title="bbox 272 2035 1608 2115; baseline 0.001 -22"><span class='ocrx_word' id='word_1_122' title='bbox 272 2055 339 2094; x_wconf 88' lang='lat' dir='ltr'><strong>rum</strong></span> <span class='ocrx_word' id='word_1_123' title='bbox 362 2038 482 2096; x_wconf 82' lang='lat' dir='ltr'><strong>nomine</strong></span> <span class='ocrx_word' id='word_1_124' title='bbox 510 2037 682 2114; x_wconf 81' lang='lat' dir='ltr'><strong>singillatim</strong></span> <span class='ocrx_word' id='word_1_125' title='bbox 711 2039 758 2096; x_wconf 91' lang='lat' dir='ltr'><strong>hic</strong></span> <span class='ocrx_word' id='word_1_126' title='bbox 786 2047 920 2115; x_wconf 89' lang='lat' dir='ltr'><strong>repetere</strong></span> <span class='ocrx_word' id='word_1_127' title='bbox 946 2039 1043 2110; x_wconf 82' lang='lat' dir='ltr'><strong>nolui3</strong></span> <span class='ocrx_word' id='word_1_128' title='bbox 1073 2038 1180 2096; x_wconf 82' lang='lat' dir='ltr'><strong>eddam</strong></span> <span class='ocrx_word' id='word_1_129' title='bbox 1208 2038 1245 2096; x_wconf 90' lang='lat' dir='ltr'><strong>iis</strong></span> <span class='ocrx_word' id='word_1_130' title='bbox 1271 2047 1302 2096; x_wconf 89' lang='lat' dir='ltr'><strong>et</strong></span> <span class='ocrx_word' id='word_1_131' title='bbox 1323 2037 1484 2096; x_wconf 83' lang='lat' dir='ltr'><strong>Aemilium</strong></span> <span class='ocrx_word' id='word_1_132' title='bbox 1507 2035 1608 2112; x_wconf 75' lang='lat' dir='ltr'><strong>Espe-</strong></span> 
     </span>
     <span class='ocr_line' id='line_1_15' title="bbox 272 2137 1606 2217; baseline -0.001 -22"><span class='ocrx_word' id='word_1_133' title='bbox 272 2139 396 2196; x_wconf 83' lang='lat' dir='ltr'><strong>rsndieu</strong></span> <span class='ocrx_word' id='word_1_134' title='bbox 418 2138 570 2198; x_wconf 89' lang='lat' dir='ltr'><strong>ductorem</strong></span> <span class='ocrx_word' id='word_1_135' title='bbox 594 2137 729 2212; x_wconf 77' lang='lat' dir='ltr'><strong>Gallum,</strong></span> <span class='ocrx_word' id='word_1_136' title='bbox 756 2141 807 2216; x_wconf 92' lang='lat' dir='ltr'><strong>qui</strong></span> <span class='ocrx_word' id='word_1_137' title='bbox 829 2141 975 2217; x_wconf 75' lang='lat' dir='ltr'><strong>imprimis</strong></span> <span class='ocrx_word' id='word_1_138' title='bbox 998 2141 1215 2216; x_wconf 68' lang='lat' dir='ltr'><strong>amplissimam</strong></span> <span class='ocrx_word' id='word_1_139' title='bbox 1242 2140 1395 2198; x_wconf 87' lang='lat' dir='ltr'><strong>titulorum</strong></span> <span class='ocrx_word' id='word_1_140' title='bbox 1419 2137 1606 2198; x_wconf 87' lang='lat' dir='ltr'><strong>Siccensium</strong></span> 
     </span>
     <span class='ocr_line' id='line_1_16' title="bbox 272 2238 1608 2317; baseline 0 -22"><span class='ocrx_word' id='word_1_141' title='bbox 272 2238 477 2298; x_wconf 85' lang='lat' dir='ltr'><strong>collectionem</strong></span> <span class='ocrx_word' id='word_1_142' title='bbox 500 2260 518 2296; x_wconf 81' lang='lat' dir='ltr'><strong>a</strong></span> <span class='ocrx_word' id='word_1_143' title='bbox 541 2257 573 2298; x_wconf 85' lang='lat' dir='ltr'><strong>se</strong></span> <span class='ocrx_word' id='word_1_144' title='bbox 595 2251 797 2317; x_wconf 75' lang='lat' dir='ltr'><strong>comparatam</strong></span> <span class='ocrx_word' id='word_1_145' title='bbox 819 2243 892 2300; x_wconf 91' lang='lat' dir='ltr'><strong>mibi</strong></span> <span class='ocrx_word' id='word_1_146' title='bbox 914 2243 1024 2302; x_wconf 90' lang='lat' dir='ltr'><strong>donum</strong></span> <span class='ocrx_word' id='word_1_147' title='bbox 1050 2243 1145 2312; x_wconf 89' lang='lat' dir='ltr'><strong>dedit,</strong></span> <span class='ocrx_word' id='word_1_148' title='bbox 1174 2251 1204 2300; x_wconf 84' lang='lat' dir='ltr'><strong>et</strong></span> <span class='ocrx_word' id='word_1_149' title='bbox 1224 2239 1414 2299; x_wconf 80' lang='lat' dir='ltr'><strong>Ludoricum</strong></span> <span class='ocrx_word' id='word_1_150' title='bbox 1435 2239 1608 2316; x_wconf 76' lang='lat' dir='ltr'><strong>Demaegbt</strong></span> 
     </span>
     <span class='ocr_line' id='line_1_17' title="bbox 273 2338 1606 2418; baseline -0.002 -18"><span class='ocrx_word' id='word_1_151' title='bbox 273 2338 472 2412; x_wconf 86' lang='lat' dir='ltr'><strong>Orenensem,</strong></span> <span class='ocrx_word' id='word_1_152' title='bbox 494 2343 578 2400; x_wconf 87' lang='lat' dir='ltr'><strong>cuius</strong></span> <span class='ocrx_word' id='word_1_153' title='bbox 600 2343 738 2402; x_wconf 83' lang='lat' dir='ltr'><strong>officiose</strong></span> <span class='ocrx_word' id='word_1_154' title='bbox 761 2343 904 2402; x_wconf 74' lang='lat' dir='ltr'><strong>sedulitas</strong></span> <span class='ocrx_word' id='word_1_155' title='bbox 925 2344 1077 2402; x_wconf 87' lang='lat' dir='ltr'><strong>titulorum</strong></span> <span class='ocrx_word' id='word_1_156' title='bbox 1097 2344 1128 2402; x_wconf 93' lang='lat' dir='ltr'><strong>in</strong></span> <span class='ocrx_word' id='word_1_157' title='bbox 1145 2343 1381 2402; x_wconf 74' lang='lat' dir='ltr'><strong>occidentalibus</strong></span> <span class='ocrx_word' id='word_1_158' title='bbox 1397 2342 1543 2418; x_wconf 67' lang='lat' dir='ltr'><strong>elgeriee</strong></span> <span class='ocrx_word' id='word_1_159' title='bbox 1562 2359 1606 2398; x_wconf 79' lang='lat' dir='ltr'><strong>re</strong></span> 
     </span>
     <span class='ocr_line' id='line_1_18' title="bbox 270 2441 1454 2522; baseline 0.004 -25"><span class='ocrx_word' id='word_1_160' title='bbox 270 2441 410 2517; x_wconf 78' lang='lat' dir='ltr'><strong>gionibus</strong></span> <span class='ocrx_word' id='word_1_161' title='bbox 433 2443 639 2517; x_wconf 88' lang='lat' dir='ltr'><strong>prodeuntium</strong></span> <span class='ocrx_word' id='word_1_162' title='bbox 662 2445 808 2521; x_wconf 85' lang='lat' dir='ltr'><strong>exemplis</strong></span> <span class='ocrx_word' id='word_1_163' title='bbox 830 2455 859 2503; x_wconf 92' lang='lat' dir='ltr'><strong>et</strong></span> <span class='ocrx_word' id='word_1_164' title='bbox 880 2447 996 2522; x_wconf 76' lang='lat' dir='ltr'><strong>ectypis</strong></span> <span class='ocrx_word' id='word_1_165' title='bbox 1017 2465 1073 2504; x_wconf 92' lang='lat' dir='ltr'><strong>nos</strong></span> <span class='ocrx_word' id='word_1_166' title='bbox 1094 2447 1241 2504; x_wconf 88' lang='lat' dir='ltr'><strong>instruere</strong></span> <span class='ocrx_word' id='word_1_167' title='bbox 1263 2463 1322 2503; x_wconf 89' lang='lat' dir='ltr'><strong>non</strong></span> <span class='ocrx_word' id='word_1_168' title='bbox 1344 2454 1454 2503; x_wconf 80' lang='lat' dir='ltr'><strong>cesset.</strong></span> 
     </span>
    </p>

    <p class='ocr_par' dir='ltr' id='par_1_6' title="bbox 269 2541 1680 2730">
     <span class='ocr_line' id='line_1_19' title="bbox 314 2541 1604 2623; baseline -0.002 -21"><span class='ocrx_word' id='word_1_169' title='bbox 314 2541 460 2620; x_wconf 85' lang='lat' dir='ltr'><strong>Superest</strong></span> <span class='ocrx_word' id='word_1_170' title='bbox 482 2557 515 2604; x_wconf 89' lang='lat' dir='ltr'><strong>ut</strong></span> <span class='ocrx_word' id='word_1_171' title='bbox 535 2545 642 2604; x_wconf 82' lang='lat' dir='ltr'><strong>addam</strong></span> <span class='ocrx_word' id='word_1_172' title='bbox 666 2547 805 2606; x_wconf 90' lang='lat' dir='ltr'><strong>librorum</strong></span> <span class='ocrx_word' id='word_1_173' title='bbox 830 2557 860 2606; x_wconf 89' lang='lat' dir='ltr'><strong>et</strong></span> <span class='ocrx_word' id='word_1_174' title='bbox 881 2547 1117 2623; x_wconf 76' lang='lat' dir='ltr'><strong>ephemeridaru,</strong></span> <span class='ocrx_word' id='word_1_175' title='bbox 1143 2547 1305 2623; x_wconf 89' lang='lat' dir='ltr'><strong>inquibus</strong></span> <span class='ocrx_word' id='word_1_176' title='bbox 1330 2547 1402 2604; x_wconf 89' lang='lat' dir='ltr'><strong>editi</strong></span> <span class='ocrx_word' id='word_1_177' title='bbox 1429 2555 1500 2604; x_wconf 87' lang='lat' dir='ltr'><strong>sunt</strong></span> <span class='ocrx_word' id='word_1_178' title='bbox 1527 2543 1604 2602; x_wconf 79' lang='lat' dir='ltr'><strong>band</strong></span> 
     </span>
     <span class='ocr_line' id='line_1_20' title="bbox 269 2645 1680 2730; baseline 0.005 -29"><span class='ocrx_word' id='word_1_179' title='bbox 269 2645 358 2722; x_wconf 75' lang='lat' dir='ltr'><strong>pauci</strong></span> <span class='ocrx_word' id='word_1_180' title='bbox 380 2663 481 2704; x_wconf 86' lang='lat' dir='ltr'><strong>eorum</strong></span> <span class='ocrx_word' id='word_1_181' title='bbox 504 2648 553 2722; x_wconf 90' lang='lat' dir='ltr'><strong>qui</strong></span> <span class='ocrx_word' id='word_1_182' title='bbox 576 2648 625 2704; x_wconf 86' lang='lat' dir='ltr'><strong>bic</strong></span> <span class='ocrx_word' id='word_1_183' title='bbox 645 2649 812 2706; x_wconf 77' lang='lat' dir='ltr'><strong>referuntur</strong></span> <span class='ocrx_word' id='word_1_184' title='bbox 833 2649 921 2721; x_wconf 88' lang='lat' dir='ltr'><strong>tituli,</strong></span> <span class='ocrx_word' id='word_1_185' title='bbox 945 2651 1091 2724; x_wconf 89' lang='lat' dir='ltr'><strong>potiorum</strong></span> <span class='ocrx_word' id='word_1_186' title='bbox 1115 2667 1279 2708; x_wconf 90' lang='lat' dir='ltr'><strong>recensum.</strong></span> <span class='ocrx_word' id='word_1_187' title='bbox 1679 2723 1680 2730; x_wconf 12' lang='grc' dir='ltr'><strong>ἶ</strong></span> 
     </span>
    </p>

    <p class='ocr_par' dir='ltr' id='par_1_7' title="bbox 313 2744 1602 2826">
     <span class='ocr_line' id='line_1_21' title="bbox 313 2744 1602 2826; baseline 0 -22"><span class='ocrx_word' id='word_1_188' title='bbox 313 2744 484 2806; x_wconf 67' lang='lat' dir='ltr'><strong>Aesontius</strong></span> <span class='ocrx_word' id='word_1_189' title='bbox 505 2747 695 2808; x_wconf 77' lang='lat' dir='ltr'><strong>n’Hnronr.</strong></span> <span class='ocrx_word' id='word_1_190' title='bbox 742 2748 772 2825; x_wconf 90' lang='lat' dir='ltr'><strong>l)</strong></span> <span class='ocrx_word' id='word_1_191' title='bbox 794 2751 911 2808; x_wconf 75' lang='lat' dir='ltr'><strong>bulioiin</strong></span> <span class='ocrx_word' id='word_1_192' title='bbox 932 2753 967 2809; x_wconf 80' lang='lat' dir='ltr'><strong>de</strong></span> <span class='ocrx_word' id='word_1_193' title='bbox 989 2751 1157 2809; x_wconf 67' lang='lat' dir='ltr'><strong>l&#39;academie</strong></span> <span class='ocrx_word' id='word_1_194' title='bbox 1178 2749 1347 2826; x_wconf 83' lang='lat' dir='ltr'><strong>cl&#39;Hr&#39;ppone</strong></span> <span class='ocrx_word' id='word_1_195' title='bbox 1370 2781 1408 2792; x_wconf 89' lang='lat'>-</span> <span class='ocrx_word' id='word_1_196' title='bbox 1429 2749 1490 2806; x_wconf 82' lang='lat' dir='ltr'><strong>vol.</strong></span> <span class='ocrx_word' id='word_1_197' title='bbox 1506 2746 1602 2806; x_wconf 85' lang='lat' dir='ltr'>XXII</span> 
     </span>
    </p>

    <p class='ocr_par' dir='ltr' id='par_1_8' title="bbox 353 2849 1680 2928">
     <span class='ocr_line' id='line_1_22' title="bbox 353 2849 1680 2928; baseline 0.001 -22"><span class='ocrx_word' id='word_1_198' title='bbox 353 2849 462 2908; x_wconf 73' lang='lat' dir='ltr'><strong>foscl</strong></span> <span class='ocrx_word' id='word_1_199' title='bbox 486 2849 713 2925; x_wconf 72' lang='lat' dir='ltr'><strong>(a.1887).-</strong></span> <span class='ocrx_word' id='word_1_200' title='bbox 742 2851 776 2925; x_wconf 79' lang='lat'><strong>2)</strong></span> <span class='ocrx_word' id='word_1_201' title='bbox 799 2853 1045 2928; x_wconf 76' lang='lat' dir='ltr'><strong>comptos-rendre</strong></span> <span class='ocrx_word' id='word_1_202' title='bbox 1067 2851 1418 2910; x_wconf 73' lang='lat' dir='ltr'><strong>desrlaaionse.1887</strong></span> <span class='ocrx_word' id='word_1_203' title='bbox 1442 2869 1472 2926; x_wconf 90' lang='lat' dir='ltr'><strong>p.</strong></span> <span class='ocrx_word' id='word_1_204' title='bbox 1491 2851 1601 2908; x_wconf 81' lang='lat'><strong>1-34.</strong></span> <span class='ocrx_word' id='word_1_205' title='bbox 1679 2853 1680 2866; x_wconf 57' lang='lat'>³</span> 
     </span>
    </p>

    <p class='ocr_par' dir='ltr' id='par_1_9' title="bbox 310 2949 1376 3027">
     <span class='ocr_line' id='line_1_23' title="bbox 310 2949 1376 3027; baseline 0.001 -19"><span class='ocrx_word' id='word_1_206' title='bbox 310 2949 476 3010; x_wconf 77' lang='lat' dir='ltr'><strong>Bnuusnnt</strong></span> <span class='ocrx_word' id='word_1_207' title='bbox 498 2967 557 3008; x_wconf 81' lang='lat' dir='ltr'><strong>ons</strong></span> <span class='ocrx_word' id='word_1_208' title='bbox 580 2955 798 3018; x_wconf 65' lang='lat' dir='ltr'><strong>surrupuisse</strong></span> <span class='ocrx_word' id='word_1_209' title='bbox 822 2955 856 3012; x_wconf 82' lang='lat' dir='ltr'><strong>de</strong></span> <span class='ocrx_word' id='word_1_210' title='bbox 876 2953 990 3012; x_wconf 64' lang='lat' dir='ltr'><strong>stanes</strong></span> <span class='ocrx_word' id='word_1_211' title='bbox 1012 2987 1050 2998; x_wconf 90' lang='lat'><em>-</em></span> <span class='ocrx_word' id='word_1_212' title='bbox 1074 2953 1133 3010; x_wconf 87' lang='lat' dir='ltr'><strong>vol.</strong></span> <span class='ocrx_word' id='word_1_213' title='bbox 1150 2953 1189 3012; x_wconf 78' lang='grc'><strong>46</strong></span> <span class='ocrx_word' id='word_1_214' title='bbox 1212 2953 1253 3027; x_wconf 84' lang='lat' dir='ltr'><strong>(s.</strong></span> <span class='ocrx_word' id='word_1_215' title='bbox 1272 2952 1376 3027; x_wconf 80' lang='lat'><strong>1885).</strong></span> 
     </span>
    </p>

    <p class='ocr_par' dir='ltr' id='par_1_10' title="bbox 310 3049 1599 3130">
     <span class='ocr_line' id='line_1_24' title="bbox 310 3049 1599 3130; baseline 0.002 -21"><span class='ocrx_word' id='word_1_216' title='bbox 310 3049 477 3110; x_wconf 81' lang='lat' dir='ltr'><strong>Buuunnrn</strong></span> <span class='ocrx_word' id='word_1_217' title='bbox 500 3049 768 3119; x_wconf 79' lang='lat' dir='ltr'><strong>suendouoctcun</strong></span> <span class='ocrx_word' id='word_1_218' title='bbox 790 3071 835 3114; x_wconf 85' lang='lat' dir='ltr'><strong>nu</strong></span> <span class='ocrx_word' id='word_1_219' title='bbox 857 3053 977 3114; x_wconf 75' lang='lat' dir='ltr'><strong>conrad</strong></span> <span class='ocrx_word' id='word_1_220' title='bbox 1000 3057 1049 3114; x_wconf 78' lang='lat' dir='ltr'><strong>des</strong></span> <span class='ocrx_word' id='word_1_221' title='bbox 1070 3065 1196 3113; x_wconf 77' lang='lat' dir='ltr'><strong>travano</strong></span> <span class='ocrx_word' id='word_1_222' title='bbox 1216 3055 1385 3130; x_wconf 76' lang='lat' dir='ltr'><strong>iisariaaes</strong></span> <span class='ocrx_word' id='word_1_223' title='bbox 1408 3087 1446 3098; x_wconf 90' lang='lat'>-</span> <span class='ocrx_word' id='word_1_224' title='bbox 1468 3073 1494 3112; x_wconf 82' lang='lat' dir='ltr'><strong>s.</strong></span> <span class='ocrx_word' id='word_1_225' title='bbox 1512 3053 1599 3112; x_wconf 87' lang='grc'><strong>1886.</strong></span> 
     </span>
    </p>

    <p class='ocr_par' dir='ltr' id='par_1_11' title="bbox 309 3151 1599 3230">
     <span class='ocr_line' id='line_1_25' title="bbox 309 3151 1599 3230; baseline -0.002 -18"><span class='ocrx_word' id='word_1_226' title='bbox 309 3151 476 3212; x_wconf 77' lang='lat' dir='ltr'><strong>Buttsnnt</strong></span> <span class='ocrx_word' id='word_1_227' title='bbox 497 3170 540 3212; x_wconf 85' lang='lat' dir='ltr'><strong>na</strong></span> <span class='ocrx_word' id='word_1_228' title='bbox 564 3169 853 3216; x_wconf 67' lang='lat' dir='ltr'><strong>cousnsrouneucu</strong></span> <span class='ocrx_word' id='word_1_229' title='bbox 876 3173 1045 3216; x_wconf 73' lang='lat' dir='ltr'><strong>surrentum</strong></span> <span class='ocrx_word' id='word_1_230' title='bbox 1069 3189 1107 3200; x_wconf 91' lang='lat'><em>-</em></span> <span class='ocrx_word' id='word_1_231' title='bbox 1124 3157 1182 3215; x_wconf 87' lang='lat' dir='ltr'><strong>vol.</strong></span> <span class='ocrx_word' id='word_1_232' title='bbox 1199 3155 1242 3214; x_wconf 91' lang='lat' dir='ltr'><strong>1v</strong></span> <span class='ocrx_word' id='word_1_233' title='bbox 1257 3157 1330 3214; x_wconf 84' lang='lat' dir='ltr'><strong>iaso.</strong></span> <span class='ocrx_word' id='word_1_234' title='bbox 1343 3155 1424 3215; x_wconf 83' lang='grc'><strong>5-6</strong></span> <span class='ocrx_word' id='word_1_235' title='bbox 1441 3155 1483 3230; x_wconf 81' lang='lat' dir='ltr'><strong>(a.</strong></span> <span class='ocrx_word' id='word_1_236' title='bbox 1497 3153 1599 3228; x_wconf 80' lang='grc'><strong>1885).</strong></span> 
     </span>
    </p>

    <p class='ocr_par' dir='ltr' id='par_1_12' title="bbox 309 3253 1383 3334">
     <span class='ocr_line' id='line_1_26' title="bbox 309 3253 1383 3334; baseline 0.002 -22"><span class='ocrx_word' id='word_1_237' title='bbox 309 3253 475 3314; x_wconf 81' lang='lat' dir='ltr'><strong>Bunuurut</strong></span> <span class='ocrx_word' id='word_1_238' title='bbox 496 3253 732 3322; x_wconf 73' lang='lat' dir='ltr'><strong>intansrmcus</strong></span> <span class='ocrx_word' id='word_1_239' title='bbox 753 3274 796 3316; x_wconf 84' lang='lat' dir='ltr'><strong>nn</strong></span> <span class='ocrx_word' id='word_1_240' title='bbox 819 3273 860 3316; x_wconf 79' lang='lat' dir='ltr'><strong>us</strong></span> <span class='ocrx_word' id='word_1_241' title='bbox 882 3257 994 3317; x_wconf 79' lang='lat' dir='ltr'><strong>Gsuuu</strong></span> <span class='ocrx_word' id='word_1_242' title='bbox 1017 3291 1058 3303; x_wconf 92' lang='lat'>-</span> <span class='ocrx_word' id='word_1_243' title='bbox 1080 3257 1139 3316; x_wconf 85' lang='lat' dir='ltr'><strong>vol.</strong></span> <span class='ocrx_word' id='word_1_244' title='bbox 1152 3258 1194 3316; x_wconf 86' lang='lat' dir='ltr'><strong>VI</strong></span> <span class='ocrx_word' id='word_1_245' title='bbox 1218 3257 1259 3334; x_wconf 85' lang='lat' dir='ltr'><strong>(a.</strong></span> <span class='ocrx_word' id='word_1_246' title='bbox 1280 3257 1383 3332; x_wconf 86' lang='grc'><strong>1886).</strong></span> 
     </span>
    </p>

    <p class='ocr_par' dir='ltr' id='par_1_13' title="bbox 309 3355 1061 3419">
     <span class='ocr_line' id='line_1_27' title="bbox 309 3355 1061 3419; baseline 0.004 -5"><span class='ocrx_word' id='word_1_247' title='bbox 309 3355 473 3416; x_wconf 78' lang='lat' dir='ltr'><strong>Bucunnru</strong></span> <span class='ocrx_word' id='word_1_248' title='bbox 495 3374 712 3418; x_wconf 79' lang='lat' dir='ltr'><strong>uouuusnrsu</strong></span> <span class='ocrx_word' id='word_1_249' title='bbox 735 3393 773 3404; x_wconf 90' lang='lat'><em>-</em></span> <span class='ocrx_word' id='word_1_250' title='bbox 796 3379 823 3416; x_wconf 82' lang='lat' dir='ltr'><strong>a.</strong></span> <span class='ocrx_word' id='word_1_251' title='bbox 843 3360 920 3418; x_wconf 88' lang='grc'><strong>1887</strong></span> <span class='ocrx_word' id='word_1_252' title='bbox 943 3361 1015 3419; x_wconf 82' lang='lat' dir='ltr'><strong>fasc.</strong></span> <span class='ocrx_word' id='word_1_253' title='bbox 1032 3361 1061 3418; x_wconf 78' lang='lat'><strong>⁵.</strong></span> 
     </span>
    </p>

    <p class='ocr_par' dir='ltr' id='par_1_14' title="bbox 309 3456 1598 3537">
     <span class='ocr_line' id='line_1_28' title="bbox 309 3456 1598 3537; baseline 0.002 -23"><span class='ocrx_word' id='word_1_254' title='bbox 309 3456 470 3516; x_wconf 79' lang='lat' dir='ltr'><strong>Buntnrtu</strong></span> <span class='ocrx_word' id='word_1_255' title='bbox 491 3475 703 3520; x_wconf 82' lang='lat' dir='ltr'><strong>unrussnntun</strong></span> <span class='ocrx_word' id='word_1_256' title='bbox 725 3477 786 3521; x_wconf 83' lang='lat' dir='ltr'><strong>uns</strong></span> <span class='ocrx_word' id='word_1_257' title='bbox 809 3459 1001 3529; x_wconf 67' lang='lat' dir='ltr'><strong>auricomis</strong></span> <span class='ocrx_word' id='word_1_258' title='bbox 1022 3477 1211 3520; x_wconf 74' lang='lat' dir='ltr'><strong>semestres</strong></span> <span class='ocrx_word' id='word_1_259' title='bbox 1225 3461 1324 3537; x_wconf 79' lang='lat' dir='ltr'><strong>pablil</strong></span> <span class='ocrx_word' id='word_1_260' title='bbox 1335 3479 1402 3519; x_wconf 80' lang='lat' dir='ltr'><strong>eoas</strong></span> <span class='ocrx_word' id='word_1_261' title='bbox 1417 3461 1449 3518; x_wconf 86' lang='lat' dir='ltr'><strong>la</strong></span> <span class='ocrx_word' id='word_1_262' title='bbox 1464 3461 1598 3519; x_wconf 78' lang='lat' dir='ltr'><strong>directior</strong></span> 
     </span>
    </p>
   </div>
   <div class='ocr_carea' id='block_1_4' title="bbox 300 3559 1680 4962">
    <p class='ocr_par' dir='ltr' id='par_1_15' title="bbox 349 3559 1595 3736">
     <span class='ocr_line' id='line_1_29' title="bbox 350 3559 1595 3638; baseline 0.002 -22"><span class='ocrx_word' id='word_1_263' title='bbox 350 3559 450 3617; x_wconf 77' lang='lat' dir='ltr'><strong>dell.</strong></span> <span class='ocrx_word' id='word_1_264' title='bbox 474 3560 516 3618; x_wconf 81' lang='lat' dir='ltr'><strong>M.</strong></span> <span class='ocrx_word' id='word_1_265' title='bbox 539 3560 569 3619; x_wconf 82' lang='lat' dir='ltr'><strong>J.</strong></span> <span class='ocrx_word' id='word_1_266' title='bbox 592 3561 725 3620; x_wconf 83' lang='lat' dir='ltr'><strong>Poinreot</strong></span> <span class='ocrx_word' id='word_1_267' title='bbox 745 3571 770 3620; x_wconf 81' lang='lat' dir='ltr'><strong>st</strong></span> <span class='ocrx_word' id='word_1_268' title='bbox 792 3561 829 3620; x_wconf 89' lang='lat' dir='ltr'><strong>L.</strong></span> <span class='ocrx_word' id='word_1_269' title='bbox 851 3563 1011 3638; x_wconf 75' lang='lat' dir='ltr'><strong>Danaepltt</strong></span> <span class='ocrx_word' id='word_1_270' title='bbox 1039 3597 1076 3607; x_wconf 98' lang='lat'>-</span> <span class='ocrx_word' id='word_1_271' title='bbox 1104 3563 1178 3621; x_wconf 84' lang='lat' dir='ltr'><strong>isse.</strong></span> <span class='ocrx_word' id='word_1_272' title='bbox 1194 3562 1254 3620; x_wconf 88' lang='lat' dir='ltr'><strong>XV</strong></span> <span class='ocrx_word' id='word_1_273' title='bbox 1279 3563 1321 3638; x_wconf 81' lang='lat' dir='ltr'><strong>(e.</strong></span> <span class='ocrx_word' id='word_1_274' title='bbox 1341 3561 1434 3636; x_wconf 84' lang='grc'><strong>1885)</strong></span> <span class='ocrx_word' id='word_1_275' title='bbox 1463 3561 1516 3636; x_wconf 90' lang='grc'><strong>(--</strong></span> <span class='ocrx_word' id='word_1_276' title='bbox 1539 3571 1595 3619; x_wconf 84' lang='lat' dir='ltr'><strong>ant</strong></span> 
     </span>
     <span class='ocr_line' id='line_1_30' title="bbox 349 3661 458 3736; baseline 0 -18"><span class='ocrx_word' id='word_1_277' title='bbox 349 3661 458 3736; x_wconf 74' lang='lat' dir='ltr'><strong>afric).</strong></span> 
     </span>
    </p>

    <p class='ocr_par' dir='ltr' id='par_1_16' title="bbox 309 3759 1680 4043">
     <span class='ocr_line' id='line_1_31' title="bbox 309 3759 1594 3825; baseline 0.001 -3"><span class='ocrx_word' id='word_1_278' title='bbox 309 3759 448 3822; x_wconf 75' lang='lat' dir='ltr'><strong>Socrdut&#39;s</strong></span> <span class='ocrx_word' id='word_1_279' title='bbox 475 3779 519 3822; x_wconf 85' lang='lat' dir='ltr'><strong>ns</strong></span> <span class='ocrx_word' id='word_1_280' title='bbox 547 3761 749 3825; x_wconf 76' lang='lat' dir='ltr'><strong>adocnsems</strong></span> <span class='ocrx_word' id='word_1_281' title='bbox 778 3781 817 3824; x_wconf 86' lang='lat' dir='ltr'><strong>sn</strong></span> <span class='ocrx_word' id='word_1_282' title='bbox 846 3763 1106 3825; x_wconf 75' lang='lat' dir='ltr'><strong>n’srcasococn:</strong></span> <span class='ocrx_word' id='word_1_283' title='bbox 1138 3783 1180 3824; x_wconf 83' lang='lat' dir='ltr'><strong>nn</strong></span> <span class='ocrx_word' id='word_1_284' title='bbox 1208 3781 1250 3824; x_wconf 74' lang='lat' dir='ltr'><strong>us</strong></span> <span class='ocrx_word' id='word_1_285' title='bbox 1276 3780 1434 3825; x_wconf 79' lang='lat' dir='ltr'><strong>ruovmcn</strong></span> <span class='ocrx_word' id='word_1_286' title='bbox 1460 3764 1594 3825; x_wconf 74' lang='lat' dir='ltr'><strong>n’Onen.</strong></span> 
     </span>
     <span class='ocr_line' id='line_1_32' title="bbox 349 3863 1680 3950; baseline 0.002 -28"><span class='ocrx_word' id='word_1_287' title='bbox 349 3863 479 3923; x_wconf 83' lang='lat' dir='ltr'><strong>Balletia</strong></span> <span class='ocrx_word' id='word_1_288' title='bbox 513 3867 674 3925; x_wconf 73' lang='lat' dir='ltr'><strong>trimestriel</strong></span> <span class='ocrx_word' id='word_1_289' title='bbox 704 3868 739 3926; x_wconf 83' lang='lat' dir='ltr'><strong>cle</strong></span> <span class='ocrx_word' id='word_1_290' title='bbox 768 3868 942 3944; x_wconf 76' lang='lat' dir='ltr'><strong>ploqraplie</strong></span> <span class='ocrx_word' id='word_1_291' title='bbox 977 3877 1005 3926; x_wconf 81' lang='lat' dir='ltr'><strong>st</strong></span> <span class='ocrx_word' id='word_1_292' title='bbox 1036 3866 1249 3944; x_wconf 74' lang='lat' dir='ltr'><strong>d’arclloloyt&#39;e</strong></span> <span class='ocrx_word' id='word_1_293' title='bbox 1284 3899 1324 3910; x_wconf 89' lang='lat'>—</span> <span class='ocrx_word' id='word_1_294' title='bbox 1360 3868 1435 3925; x_wconf 88' lang='lat' dir='ltr'><strong>fasc.</strong></span> <span class='ocrx_word' id='word_1_295' title='bbox 1456 3865 1596 3926; x_wconf 83' lang='lat' dir='ltr'>XXXIV</span> <span class='ocrx_word' id='word_1_296' title='bbox 1679 3939 1680 3950; x_wconf 10' lang='grc' dir='ltr'>ἵ</span> 
     </span>
     <span class='ocr_line' id='line_1_33' title="bbox 348 3965 1680 4043; baseline 0.009 -21"><span class='ocrx_word' id='word_1_297' title='bbox 348 3965 390 4040; x_wconf 83' lang='lat' dir='ltr'><strong>(e.</strong></span> <span class='ocrx_word' id='word_1_298' title='bbox 411 3965 503 4043; x_wconf 83' lang='grc'><strong>7887)</strong></span> <span class='ocrx_word' id='word_1_299' title='bbox 526 3966 578 4043; x_wconf 88' lang='lat'><strong>(=</strong></span> <span class='ocrx_word' id='word_1_300' title='bbox 600 3969 670 4028; x_wconf 79' lang='lat' dir='ltr'><strong>batt.</strong></span> <span class='ocrx_word' id='word_1_301' title='bbox 694 3967 840 4043; x_wconf 83' lang='lat' dir='ltr'><strong>cl&#39;Orart).</strong></span> <span class='ocrx_word' id='word_1_302' title='bbox 1679 4015 1680 4022; x_wconf 52' lang='lat'><strong>.</strong></span> 
     </span>
    </p>

    <p class='ocr_par' dir='ltr' id='par_1_17' title="bbox 306 4065 1680 4350">
     <span class='ocr_line' id='line_1_34' title="bbox 306 4065 1680 4148; baseline 0.002 -22"><span class='ocrx_word' id='word_1_303' title='bbox 306 4066 344 4126; x_wconf 85' lang='lat' dir='ltr'><strong>R.</strong></span> <span class='ocrx_word' id='word_1_304' title='bbox 368 4065 500 4127; x_wconf 70' lang='lat' dir='ltr'><strong>cicuta</strong></span> <span class='ocrx_word' id='word_1_305' title='bbox 522 4069 715 4144; x_wconf 81' lang='lat' dir='ltr'><strong>erplorations</strong></span> <span class='ocrx_word' id='word_1_306' title='bbox 737 4071 959 4148; x_wconf 71' lang='lat' dir='ltr'><strong>tptprapltqaa</strong></span> <span class='ocrx_word' id='word_1_307' title='bbox 980 4081 1007 4130; x_wconf 81' lang='lat' dir='ltr'><strong>st</strong></span> <span class='ocrx_word' id='word_1_308' title='bbox 1027 4071 1259 4148; x_wconf 75' lang='lat' dir='ltr'><strong>orcblolapt&#39;ques</strong></span> <span class='ocrx_word' id='word_1_309' title='bbox 1281 4089 1314 4128; x_wconf 82' lang='lat' dir='ltr'><strong>ea</strong></span> <span class='ocrx_word' id='word_1_310' title='bbox 1334 4069 1456 4128; x_wconf 75' lang='lat' dir='ltr'><strong>Ibaisie.</strong></span> <span class='ocrx_word' id='word_1_311' title='bbox 1497 4071 1595 4129; x_wconf 78' lang='lat' dir='ltr'><strong>Perit.</strong></span> <span class='ocrx_word' id='word_1_312' title='bbox 1679 4073 1680 4100; x_wconf 66' lang='lat'><em>³</em></span> 
     </span>
     <span class='ocr_line' id='line_1_35' title="bbox 348 4169 1594 4250; baseline 0.003 -26"><span class='ocrx_word' id='word_1_313' title='bbox 348 4187 375 4225; x_wconf 85' lang='lat' dir='ltr'><strong>a.</strong></span> <span class='ocrx_word' id='word_1_314' title='bbox 391 4169 469 4228; x_wconf 88' lang='grc'><strong>1886</strong></span> <span class='ocrx_word' id='word_1_315' title='bbox 483 4195 520 4220; x_wconf 88' lang='lat'>=</span> <span class='ocrx_word' id='word_1_316' title='bbox 534 4171 662 4230; x_wconf 75' lang='lat' dir='ltr'><strong>uredines</strong></span> <span class='ocrx_word' id='word_1_317' title='bbox 684 4173 732 4232; x_wconf 81' lang='lat' dir='ltr'><strong>aa</strong></span> <span class='ocrx_word' id='word_1_318' title='bbox 753 4176 884 4232; x_wconf 83' lang='lat' dir='ltr'><strong>missione</strong></span> <span class='ocrx_word' id='word_1_319' title='bbox 906 4175 1091 4250; x_wconf 73' lang='lat' dir='ltr'><strong>scierrnflqaes</strong></span> <span class='ocrx_word' id='word_1_320' title='bbox 1113 4183 1140 4230; x_wconf 82' lang='lat' dir='ltr'><strong>st</strong></span> <span class='ocrx_word' id='word_1_321' title='bbox 1160 4172 1312 4230; x_wconf 72' lang='lat' dir='ltr'><strong>liubraires</strong></span> <span class='ocrx_word' id='word_1_322' title='bbox 1327 4189 1385 4230; x_wconf 88' lang='lat' dir='ltr'><strong>ser.</strong></span> <span class='ocrx_word' id='word_1_323' title='bbox 1399 4171 1445 4228; x_wconf 91' lang='lat' dir='ltr'><strong>III</strong></span> <span class='ocrx_word' id='word_1_324' title='bbox 1462 4173 1522 4230; x_wconf 83' lang='lat' dir='ltr'><strong>vol.</strong></span> <span class='ocrx_word' id='word_1_325' title='bbox 1534 4171 1594 4231; x_wconf 89' lang='lat' dir='ltr'><strong>XII</strong></span> 
     </span>
     <span class='ocr_line' id='line_1_36' title="bbox 346 4270 863 4350; baseline 0.012 -23"><span class='ocrx_word' id='word_1_326' title='bbox 346 4289 376 4345; x_wconf 88' lang='lat' dir='ltr'><strong>p.</strong></span> <span class='ocrx_word' id='word_1_327' title='bbox 396 4270 452 4328; x_wconf 88' lang='grc'><strong>107</strong></span> <span class='ocrx_word' id='word_1_328' title='bbox 469 4289 551 4347; x_wconf 89' lang='lat' dir='ltr'><strong>seqq.</strong></span> <span class='ocrx_word' id='word_1_329' title='bbox 576 4271 630 4346; x_wconf 68' lang='grc' dir='ltr'><strong>(ιτ.</strong></span> <span class='ocrx_word' id='word_1_330' title='bbox 651 4284 774 4350; x_wconf 83' lang='lat' dir='ltr'><strong>rapport</strong></span> <span class='ocrx_word' id='word_1_331' title='bbox 792 4273 863 4348; x_wconf 86' lang='lat' dir='ltr'>III).</span> 
     </span>
    </p>

    <p class='ocr_par' dir='ltr' id='par_1_18' title="bbox 305 4369 1591 4532">
     <span class='ocr_line' id='line_1_37' title="bbox 305 4369 1591 4452; baseline 0.002 -21"><span class='ocrx_word' id='word_1_332' title='bbox 305 4369 604 4433; x_wconf 67' lang='lat' dir='ltr'><strong>Contrane-nanum</strong></span> <span class='ocrx_word' id='word_1_333' title='bbox 627 4375 662 4432; x_wconf 85' lang='lat' dir='ltr'><strong>als</strong></span> <span class='ocrx_word' id='word_1_334' title='bbox 683 4373 851 4434; x_wconf 70' lang='lat' dir='ltr'><strong>l&#39;acadlmie</strong></span> <span class='ocrx_word' id='word_1_335' title='bbox 874 4377 922 4435; x_wconf 75' lang='lat' dir='ltr'><strong>des</strong></span> <span class='ocrx_word' id='word_1_336' title='bbox 944 4379 1127 4452; x_wconf 81' lang='lat' dir='ltr'><strong>inscriptions</strong></span> <span class='ocrx_word' id='word_1_337' title='bbox 1142 4385 1168 4436; x_wconf 84' lang='lat' dir='ltr'><strong>et</strong></span> <span class='ocrx_word' id='word_1_338' title='bbox 1183 4375 1394 4436; x_wconf 78' lang='lat' dir='ltr'><strong>belles-lettres.</strong></span> <span class='ocrx_word' id='word_1_339' title='bbox 1411 4408 1452 4420; x_wconf 87' lang='lat'><em>-</em></span> <span class='ocrx_word' id='word_1_340' title='bbox 1473 4395 1499 4434; x_wconf 79' lang='lat' dir='ltr'><strong>e.</strong></span> <span class='ocrx_word' id='word_1_341' title='bbox 1516 4375 1591 4436; x_wconf 89' lang='grc'><strong>1887</strong></span> 
     </span>
     <span class='ocr_line' id='line_1_38' title="bbox 345 4473 463 4532; baseline -0.008 -1"><span class='ocrx_word' id='word_1_342' title='bbox 345 4473 418 4532; x_wconf 79' lang='lat' dir='ltr'><strong>iaso.</strong></span> <span class='ocrx_word' id='word_1_343' title='bbox 436 4473 463 4532; x_wconf 88' lang='lat'><strong>3.</strong></span> 
     </span>
    </p>

    <p class='ocr_par' dir='ltr' id='par_1_19' title="bbox 302 4571 1123 4655">
     <span class='ocr_line' id='line_1_39' title="bbox 302 4571 1123 4655; baseline 0.005 -23"><span class='ocrx_word' id='word_1_344' title='bbox 302 4571 371 4634; x_wconf 86' lang='lat' dir='ltr'><strong>Lns</strong></span> <span class='ocrx_word' id='word_1_345' title='bbox 394 4575 544 4636; x_wconf 80' lang='lat' dir='ltr'><strong>Mrss1ons</strong></span> <span class='ocrx_word' id='word_1_346' title='bbox 567 4592 784 4644; x_wconf 78' lang='lat' dir='ltr'><strong>osrnourouns</strong></span> <span class='ocrx_word' id='word_1_347' title='bbox 805 4575 903 4655; x_wconf 83' lang='lat' dir='ltr'><strong>Lugd.</strong></span> <span class='ocrx_word' id='word_1_348' title='bbox 926 4609 966 4622; x_wconf 88' lang='lat'><strong>—-</strong></span> <span class='ocrx_word' id='word_1_349' title='bbox 988 4599 1015 4638; x_wconf 82' lang='lat' dir='ltr'><strong>s.</strong></span> <span class='ocrx_word' id='word_1_350' title='bbox 1035 4579 1123 4639; x_wconf 84' lang='lat'><strong>1886.</strong></span> 
     </span>
    </p>

    <p class='ocr_par' dir='ltr' id='par_1_20' title="bbox 302 4674 1586 4854">
     <span class='ocr_line' id='line_1_40' title="bbox 302 4674 1586 4758; baseline 0.002 -22"><span class='ocrx_word' id='word_1_351' title='bbox 302 4674 416 4736; x_wconf 86' lang='lat' dir='ltr'><strong>Rsvun</strong></span> <span class='ocrx_word' id='word_1_352' title='bbox 438 4693 480 4734; x_wconf 86' lang='lat' dir='ltr'><strong>on</strong></span> <span class='ocrx_word' id='word_1_353' title='bbox 502 4677 679 4746; x_wconf 81' lang='lat' dir='ltr'><strong>u’Asntcus</strong></span> <span class='ocrx_word' id='word_1_354' title='bbox 701 4695 877 4752; x_wconf 70' lang='lat' dir='ltr'><strong>retronea</strong></span> <span class='ocrx_word' id='word_1_355' title='bbox 896 4681 1009 4756; x_wconf 74' lang='lat' dir='ltr'><strong>pallide</strong></span> <span class='ocrx_word' id='word_1_356' title='bbox 1025 4701 1085 4758; x_wconf 84' lang='lat' dir='ltr'><strong>par</strong></span> <span class='ocrx_word' id='word_1_357' title='bbox 1105 4682 1150 4741; x_wconf 86' lang='grc' dir='ltr'><strong>Μ.</strong></span> <span class='ocrx_word' id='word_1_358' title='bbox 1172 4681 1203 4740; x_wconf 88' lang='lat' dir='ltr'><strong>J.</strong></span> <span class='ocrx_word' id='word_1_359' title='bbox 1228 4681 1366 4741; x_wconf 70' lang='grc' dir='ltr'><strong>Ροῑηεεοι</strong></span> <span class='ocrx_word' id='word_1_360' title='bbox 1394 4712 1437 4726; x_wconf 87' lang='lat'>-</span> <span class='ocrx_word' id='word_1_361' title='bbox 1463 4681 1586 4742; x_wconf 74' lang='lat' dir='ltr'><strong>saecli</strong></span> 
     </span>
     <span class='ocr_line' id='line_1_41' title="bbox 345 4777 509 4854; baseline 0.018 -19"><span class='ocrx_word' id='word_1_362' title='bbox 345 4777 385 4852; x_wconf 81' lang='lat' dir='ltr'><strong>(a.</strong></span> <span class='ocrx_word' id='word_1_363' title='bbox 406 4777 509 4854; x_wconf 86' lang='grc'><strong>1887).</strong></span> 
     </span>
    </p>

    <p class='ocr_par' dir='ltr' id='par_1_21' title="bbox 300 4876 1224 4962">
     <span class='ocr_line' id='line_1_42' title="bbox 300 4876 1224 4962; baseline 0.004 -24"><span class='ocrx_word' id='word_1_364' title='bbox 300 4876 417 4939; x_wconf 83' lang='lat' dir='ltr'><strong>Rsvun</strong></span> <span class='ocrx_word' id='word_1_365' title='bbox 438 4877 707 4950; x_wconf 71' lang='lat' dir='ltr'><strong>rrcnsotocraaa</strong></span> <span class='ocrx_word' id='word_1_366' title='bbox 729 4915 769 4927; x_wconf 91' lang='lat'><em>-</em></span> <span class='ocrx_word' id='word_1_367' title='bbox 792 4901 849 4942; x_wconf 86' lang='lat' dir='ltr'><strong>ser.</strong></span> <span class='ocrx_word' id='word_1_368' title='bbox 865 4883 912 4941; x_wconf 92' lang='lat'><strong>111</strong></span> <span class='ocrx_word' id='word_1_369' title='bbox 935 4884 992 4944; x_wconf 83' lang='lat' dir='ltr'><strong>vol.</strong></span> <span class='ocrx_word' id='word_1_370' title='bbox 1009 4885 1039 4944; x_wconf 90' lang='lat' dir='ltr'>X</span> <span class='ocrx_word' id='word_1_371' title='bbox 1062 4885 1103 4961; x_wconf 80' lang='lat' dir='ltr'><strong>(s.</strong></span> <span class='ocrx_word' id='word_1_372' title='bbox 1122 4885 1224 4962; x_wconf 87' lang='grc'><strong>1887).</strong></span> 
     </span>
    </p>
   </div>
   <div class='ocr_carea' id='block_1_5' title="bbox 720 5170 1128 5182">
    <p class='ocr_par' dir='ltr' id='par_1_22' title="bbox 720 5170 1128 5182">
     <span class='ocr_line' id='line_1_43' title="bbox 720 5170 1128 5182; baseline 0.007 -3"><span class='ocrx_word' id='word_1_373' title='bbox 720 5170 1128 5182; x_wconf 77' lang='lat'><strong>———....—-.</strong></span> 
     </span>
    </p>
   </div>
   <div class='ocr_carea' id='block_1_6' title="bbox 0 0 1700 5928">
    <p class='ocr_par' dir='ltr' id='par_1_23' title="bbox 0 0 1700 5928">
     <span class='ocr_line' id='line_1_44' title="bbox 0 0 1700 5928; baseline 0 5"><span class='ocrx_word' id='word_1_374' title='bbox 0 0 1700 5928; x_wconf 95' lang='lat' dir='ltr'><strong> </strong></span> 
     </span>
    </p>
   </div>
  </div>
 </body>
</html>
