3466 5926
693 603 891 654 PRAEFATIO.
1333 613 1468 665 xxxvn

196 775 272 836 lano
300 775 521 838 testimonium
557 774 598 857 (v.
624 795 680 838 nos
710 797 742 856 p.
762 775 792 858 6)
826 786 858 838 et
888 785 1014 857 praeter
1042 776 1174 858 glandes
1204 796 1301 858 supra
1330 781 1466 860 scriptas

199 879 390 942 memoravit
419 877 501 940 duas
526 879 696 958 inscriptas
719 897 750 940 n.
769 881 821 958 tt,
843 900 869 942 te
889 889 922 942 et
945 879 996 958 st,
1016 901 1028 942 ι
1052 889 1084 941 et
1108 872 1196 943 ‘alias
1218 881 1318 944 literis
1340 882 1468 964 fngien-

196 973 305 1058 tibus³,
337 1001 420 1062 quas
447 983 531 1043 sicut
559 981 630 1044 illas
652 999 685 1042 ιι.
711 983 743 1062 6,
766 1001 794 1044 ιι
816 991 847 1044 et
869 1001 897 1045 ιι
919 983 1035 1044 Romae
1064 979 1152 1062 apud
1175 983 1402 1048 Lancellottum
1425 985 1465 1049 de

195 1085 401 1147 Laneellottis
423 1085 595 1165 patricium
619 1083 814 1147 Meuianum
838 1103 872 1147 se
895 1083 1016 1146 vidisse
1039 1093 1188 1147 testatur.

110 1188 233 1250 Walter
255 1189 399 1250 Ηιιιιιιιιε
423 1189 456 1248 in
471 1185 698 1267 Archaeologia
713 1187 918 1250 londiniensi
941 1187 1003 1250 vol.
1021 1189 1145 1268 XXXII,
1165 1188 1260 1268 4847,
1286 1209 1318 1270 p.
1337 1191 1377 1250 96
1391 1209 1462 1272 sqq.

198 1289 240 1354 de
263 1291 429 1371 glandium
451 1309 512 1354 usu
535 1289 687 1353 disseruit
708 1289 766 1352 sed
787 1292 929 1354 Latinam
953 1291 1194 1372 inscriptionem
1217 1309 1279 1354 non
1304 1293 1462 1358 exhihuit.

198 1393 361 1467 Quaedam
385 1401 495 1455 narrat
516 1395 597 1455 mira
619 1391 813 1474 aliundeque
836 1394 931 1475 plane
955 1393 1108 1472 inaudita,
1135 1403 1171 1457 ut
1192 1411 1280 1456 mero
1295 1397 1465 1460 memoriae

198 1514 305 1558 errore
320 1497 410 1559 illata
432 1515 502 1558 esse
518 1505 622 1577 putes.
663 1497 739 1558 Eius
761 1495 888 1576 generis
910 1505 983 1558 sunt
998 1495 1062 1558 duo
1084 1515 1167 1577 quae
1182 1516 1214 1577 p.
1236 1497 1296 1560 466
1316 1507 1461 1580 testatur,

199 1601 289 1681 prius
304 1599 485 1662 Florentiae
504 1601 678 1662 maximum
694 1597 860 1679 glandium
883 1617 1053 1662 numerum
1076 1607 1238 1681 repertum
1260 1619 1331 1662 esse
1354 1599 1464 1682 ibique

199 1703 330 1765 fortasse
347 1703 630 1765 armamentarium
651 1691 823 1784 (Arescui')
849 1700 963 1778 luisse;
990 1702 1191 1782 alterumque
1207 1703 1280 1775 hoc,
1308 1703 1340 1764 in
1356 1703 1467 1786 Erycis

202 1805 318 1883 ruinis,
345 1804 526 1885 abrepano
548 1807 703 1868 orientem
726 1823 840 1868 versus
863 1805 944 1879 sitis,
970 1803 1103 1886 glandes
1126 1815 1269 1886 repertas
1292 1823 1361 1868 esse
1383 1825 1467 1870 non·

201 1908 304 1971 nullas
327 1905 610 1988 imprecationibus
632 1908 822 1988 inscriptas,
848 1925 898 1968 ex.
925 1926 973 1988 gr.
997 1897 1087 1988 ‘your
1109 1907 1199 1970 hecri
1216 1905 1269 1989 sor
1293 1900 1463 1990 Cerberus’,

201 2009 317 2074 librum
340 2011 443 2072 citans
466 2009 600 2091 Smythii
623 2009 718 2091 Sicily
740 2030 773 2091 p.
792 2009 871 2088 242,
902 2027 965 2090 quo
988 2017 1095 2072 tamen
1124 2009 1206 2072 hanc
1228 2011 1466 2090 inscriptionem

201 2133 262 2176 non
285 2112 433 2175 exbiberi
456 2113 599 2194 inspecto
622 2111 704 2174 libro
727 2113 803 2174 mihi
826 2119 962 2175 testatus
984 2119 1034 2175 est
1055 2109 1221 2194 Augustus
1243 2113 1434 2176 Wilmanns.

114 2233 226 2313 loseph
248 2251 279 2294 ι.
305 2233 444 2312 Herma,
478 2231 602 2315 Catulop
631 2231 687 2294 der
715 2233 900 2314 Vereiciptea
932 2231 1160 2315 Sammlunpca.
1192 2233 1229 2294 N.
1250 2233 1278 2293 4.
1311 2233 1466 2296 llttnohen

203 2337 295 2397 4845.
336 2335 480 2417 Inspexit
502 2337 535 2397 in
558 2355 652 2398 usum
675 2353 781 2397 meum
804 2334 982 2396 Guilelmus
1005 2333 1122 2396 Christ.

118 2473 217 2516 —,
244 2437 515 2519 Obcrhcyerisches
537 2435 652 2500 Archiv
674 2438 726 2500 Vll
755 2435 874 2518 (4846).

117 2578 215 2622 -,
241 2545 304 2604 Dar
319 2541 476 2604 fldmische
490 2543 624 2622 chern,
649 2543 683 2602 5.
701 2537 837 2624 Auflopc,
862 2539 1019 2602 hlttncben
1044 2541 1139 2601 ⁴852.
1157 2541 1251 2601 —ln
1277 2541 1326 2602 his
1348 2541 1467 2605 libellis

203 2644 346 2707 exhihuit
361 2643 494 2726 glandes
516 2645 619 2706 musei
642 2643 717 2704 olim
733 2642 952 2722 Dodwelliani,
979 2639 1036 2705 sed
1061 2641 1214 2706 lectiones
1234 2651 1358 2706 tantum
1373 2643 1466 2708 modo

204 2767 241 2808 ex
262 2748 331 2810 eins
356 2747 497 2828 catalogo
526 2745 610 2827 (vide
633 2747 754 2822 Norica)
781 2747 961 2826 exscripsit.

119 2851 289 2913 Guilelmus
322 2851 445 2912 Ηιιιιιιιι
479 2850 513 2910 in
547 2849 656 2911 Orellii
691 2848 938 2929 Inscriptionum
972 2847 1035 2910 vol.
1061 2847 1101 2908 lll
1124 2865 1156 2908 n.
1177 2849 1260 2909 6666
1295 2849 1466 2912 nonnullas

206 2952 332 3034 glandes
355 2972 395 3015 ex
417 2951 542 3014 llinicio
564 2949 712 3013 exhibet.

120 3055 268 3118 Aemilius
290 3057 443 3117 Ηιιιιιιιιι.
489 3053 568 3116 Vide
590 3053 718 3116 Gourvs.

121 3161 346 3222 lummsncnr
369 3158 422 3222 des
443 3157 514 3220 hist.
544 3157 668 3219 Vereins
689 3157 722 3218 ic
744 3153 983 3237 Mittelfrculceu.
1031 3154 1110 3218 Vide
1134 3157 1267 3218 Prienen.

122 3264 167 3323 lm
187 3281 280 3324 accen
302 3259 403 3324 lieich.
443 3261 571 3342 Leipzig
596 3257 677 3320 4876
701 3261 763 3320 vol.
789 3259 825 3319 ll.
872 3257 952 3320 Vide
975 3258 1132 3320 Monens.

122 3365 192 3428 Otto
211 3367 339 3427 Κιιιιιι.
386 3361 467 3426 Vide
489 3382 522 3426 n.
541 3364 610 3443 8l*,
631 3383 670 3427 ιο.

122 3468 214 3530 Olaus
235 3469 446 3528 Κιιιιιιιιιιιι.
493 3465 572 3529 Vide
596 3464 691 3529 adn.
717 3464 770 3545 77,
790 3485 813 3526 1.

122 3571 254 3633 llenatus
290 3571 461 3650 Κιινιιιιι,
506 3567 559 3631 des
592 3567 765 3649 projectiles
799 3566 1124 3648 cyrione-conique.
1155 3585 1194 3627 ou
1228 3585 1264 3628 eo
1299 3566 1377 3628 olive
1410 3567 1462 3630 de·

200 3675 269 3754 put'a
292 3674 310 3735 V
335 3673 484 3753 antiquita
497 3670 624 3754 juspu'd
645 3688 701 3733 uos
717 3669 819 3750 jours,
854 3671 899 3730 in:
923 3670 1022 3731 llevue
1045 3668 1180 3732 creddol.
1205 3687 1267 3732 ser.
1294 3670 1312 3730 3
1337 3679 1412 3732 tom.
1439 3671 1466 3733 ll

208 3775 312 3858 44883)
338 3795 374 3856 p.
392 3772 563 3837 sat-287
588 3783 619 3835 et
648 3771 712 3835 tab.
732 3773 839 3834 XXIV.
898 3769 1008 3834 Edidit
1041 3770 1164 3853 lapides
1194 3771 1349 3852 missiles,
1387 3791 1467 3853 quos

202 3878 362 3940 Gallorum
384 3875 484 3940 luisse
506 3876 632 3956 statuit,
670 3883 703 3937 et
733 3873 772 3937 de
800 3874 900 3938 lorma
930 3875 1065 3936 telorum
1096 3873 1267 3936 missilium
1294 3883 1357 3936 tam
1385 3877 1467 3939 anti·

200 3999 336 4062 quorum
359 3999 456 4061 quam
481 3980 695 4042 recentiorum
719 3977 811 4040 olivis
833 3977 885 4040 vel
907 3975 1078 4058 glandibus
1101 3977 1253 4040 similium
1277 3975 1463 4060 disputavit,

201 4083 347 4164 Semperi
371 4093 476 4145 tanmn
499 4081 644 4144 libellum
666 4099 730 4142 non
759 4080 907 4143 afferens.
955 4077 1094 4142 Glandes
1115 4080 1272 4142 Romanae
1295 4081 1467 4163 imaginem

201 4205 263 4249 non
287 4184 329 4248 ad
351 4205 453 4248 unum
476 4203 517 4246 ex
539 4185 735 4266 archetypis,
761 4201 844 4264 quae
866 4181 1024 4263 permulta
1054 4191 1189 4260 exstant,
1217 4181 1378 4264 exhibuit,
1409 4183 1466 4247 sed

203 4307 244 4351 ex
272 4287 311 4351 A.
336 4287 440 4350 llichii
470 4287 571 4348 lexico
600 4287 832 4367 archaeologico
861 4285 895 4346 in
923 4283 1032 4347 tabula
1059 4287 1190 4367 repetiit
1224 4283 1389 4367 (inscripta
1419 4296 1467 4350 est

202 4389 279 4473 nn),
306 4410 367 4453 neo
389 4399 475 4453 recte
499 4391 622 4471 putavit
644 4407 662 4450 a
684 4389 794 4450 llichio
817 4387 979 4470 archetypi
1003 4386 1255 4469 magnitudinem
1277 4407 1466 4469 repraesen-

199 4503 299 4556 tatam
322 4512 403 4573 esse,
430 4511 502 4555 cum
524 4491 558 4554 id
581 4491 680 4554 luisse
702 4490 817 4554 debeat
839 4489 959 4553 moduli
981 4489 1066 4553 haud
1088 4491 1193 4572 paullo
1216 4491 1354 4554 maioris.

120 4595 280 4677 Augustus
303 4597 452 4658 Κιιτιιιιι.
499 4593 693 4658 Vidamas
716 4603 782 4657 not.
809 4602 841 4656 et
865 4593 937 4672 444,
957 4613 981 4656 e.

120 4695 268 4761 liudollns
291 4700 445 4760 Lanatam.
492 4696 573 4760 Vide
596 4717 627 4759 n.
647 4695 699 4776 77,
720 4717 743 4760 ι.

121 4802 264 4863 [ιιιιιτι.
311 4799 392 4864 Vide
414 4801 522 4862 anrr.

121 4903 293 4967 ludovicus
315 4906 547 4966 ernmscnxrr.
594 4901 674 4964 Vide
697 4921 728 4964 ιι.
756 4903 826 4981 667,
845 4923 869 4964 a.

123 5005 224 5069 lnstus
246 5008 378 5086 erervs,
404 5005 615 5085 Poliorcetica,
641 5003 834 5086 Antverpiae
858 5003 953 5064 4666.
1000 5001 1095 5064 Libro
1111 5003 1150 5064 IV
1172 5023 1198 5066 o.
1218 5003 1236 5063 3
1262 5009 1344 5064 extr.
1371 5001 1469 5082 quin-

203 5127 267 5190 que
291 5107 427 5191 glandes
450 5108 597 5188 exhibet,
621 5097 715 5189 ‘quae
738 5125 844 5188 nuper
865 5113 1011 5188 repertae
1033 5113 1108 5168 sunt
1130 5123 1229 5186 prope
1244 5104 1408 5182 Asculum,
1434 5103 1468 5166 in

200 5211 336 5275 llumine
352 5201 502 5293 Triunto³,
530 5211 611 5294 4)ιι.
631 5211 689 5292 43,
721 5210 750 5292 2)
778 5229 809 5272 n.
827 5210 857 5286 l,
877 5230 900 5288 ι,
927 5207 957 5288 3)
974 5225 1005 5268 ιι.
1028 5207 1080 5284 46,
1099 5229 1121 5286 ι,
1149 5207 1178 5290 4)
1205 5225 1238 5268 ιι.
1256 5207 1308 5286 36,
1347 5205 1376 5288 5)
1403 5224 1467 5268 non

201 5315 400 5398 inscriptam.
455 5315 598 5377 Formam
623 5311 800 5393 faciemque
831 5311 995 5394 glandium
1018 5309 1058 5372 ad
1080 5329 1187 5372 veram
1211 5305 1465 5388 magnitudinem
