3374 5930
304 561 379 638 434
895 581 1039 638 nassau

304 760 388 838 perii.
444 759 534 819 Initio
567 768 665 818 autem
698 759 782 836 regni
815 759 958 835 cuiusque
990 757 1164 817 crediderim
1197 759 1341 836 scriptum
1375 775 1445 818 essa
1478 761 1545 835 iap.
1574 759 1630 818 sins

304 881 442 936 numero,
471 873 504 922 ut
526 869 595 921 ante
616 861 729 940 primas
751 861 896 920 kalendas
924 862 1079 919 lanuarias
1102 862 1287 920 scribebatur
1315 862 1380 919 trib.
1402 871 1466 938 pot.
1495 863 1558 920 sine
1584 880 1630 918 nu-

305 985 403 1038 mero;
434 965 487 1024 sed
509 967 573 1024 fieri
595 973 709 1042 potest,
738 973 771 1022 ut
791 963 940 1022 interdum
966 965 1055 1022 etiam
1083 965 1228 1040 scrIptum
1256 965 1296 1022 sit
1323 969 1389 1040 imp.
1411 961 1481 1040 1¹).
1508 997 1547 1006 -
1573 963 1632 1022 IIoc

305 1071 367 1128 lere
396 1069 484 1127 modo
516 1068 625 1126 Iactum
651 1085 720 1125 essa
747 1065 935 1138 crediderim,
969 1077 1000 1125 ut
1028 1085 1169 1125 numerus
1199 1067 1390 1144 imperatorIs
1418 1067 1566 1125 vocabulo
1589 1067 1632 1124 ad-

306 1173 400 1230 iectus
429 1171 466 1229 ab
494 1169 757 1229 acclamationibus
784 1169 985 1246 imperatoriis
1014 1169 1052 1227 ad
1083 1169 1171 1246 longe
1200 1170 1291 1228 aliam
1323 1189 1386 1228 rem
1415 1169 1631 1247 algniticandam

309 1273 473 1334 translatus
496 1273 543 1332 sir.

391 1373 530 1435 Ceterum
552 1393 733 1452 quamquam
755 1373 987 1433 acclamationes
1010 1375 1130 1452 proprie
1153 1376 1362 1452 imperatoriae
1384 1383 1454 1434 ante
1477 1375 1563 1434 finem
1578 1393 1632 1432 sae·

308 1478 367 1537 culi
394 1497 423 1553 p.
447 1476 517 1537 Chr.
541 1475 588 1535 III
615 1477 645 1534 in
668 1476 891 1535 desuetudinem
915 1478 1034 1536 venisse
1060 1479 1210 1554 putandae
1233 1488 1317 1550 sunt,
1345 1479 1482 1555 legiones
1510 1497 1568 1536 non
1593 1477 1633 1534 de

310 1582 450 1638 stiterunt
472 1588 542 1656 post
563 1599 624 1637 rem
647 1579 721 1636 bene
743 1585 858 1656 gestam
874 1581 1029 1656 Augustos
1046 1581 1221 1638 acclamare.
1259 1579 1401 1656 Legimus
1417 1581 1499 1657 apud
1516 1581 1634 1638 Ammia-

233 1700 236 1710 ·
309 1701 379 1741 nam
406 1683 453 1754 17,
479 1683 531 1752 13,
560 1679 609 1754 75,
637 1679 847 1740 Constantium
874 1701 953 1740 anno
977 1681 1050 1754 358,
1079 1703 1111 1741 re
1138 1689 1243 1740 contra
1265 1681 1421 1744 Sarmatas
1449 1685 1526 1742 bene
1551 1691 1633 1760 gesta,

308 1782 442 1843 ‘militari
471 1777 630 1842 consensu’
665 1781 863 1843 Sarmaticum
893 1784 1024 1843 secundo
1057 1802 1123 1843 esse
1150 1785 1350 1862 appellatum
1383 1787 1534 1862 sequitur,
1565 1785 1634 1859 apud

309 1887 434 1946 eundem
461 1887 669 1956 Ammianum,
698 1887 847 1946 adlocutio
875 1887 1078 1962 imperatoris,
1106 1905 1178 1962 qua,
1209 1897 1280 1963 post
1306 1888 1399 1946 multa
1431 1897 1461 1946 et
1489 1889 1635 1966 magnilica

309 1989 414 2060 verba,
442 1995 670 2066 cognomentum
693 1989 752 2048 sibi
773 2009 792 2046 a
820 1989 965 2048 militibus
992 1989 1134 2048 tributum
1162 1990 1293 2048 admittit
1320 1991 1384 2064 (17,
1411 1991 1464 2060 13,
1488 1991 1549 2066 33).
1593 1989 1633 2046 Er

309 2093 366 2150 hac
387 2091 560 2156 narratione
582 2090 733 2148 Ammiani
755 2091 915 2167 colligitur,
938 2091 1050 2150 utiam
1072 2091 1238 2150 Eckbelius
1261 2093 1305 2168 (7,
1328 2093 1404 2169 401)
1428 2093 1518 2164 vidit,
1545 2111 1634 2150 nume·

310 2213 361 2252 ros
391 2196 422 2252 in
450 2193 579 2252 nummis
607 2203 636 2251 et
663 2193 909 2270 inscriptionibus
937 2195 1149 2270 Imperatorum
1178 2195 1287 2253 aetatIs
1314 2195 1444 2254 labentis
1472 2195 1510 2252 ad
1537 2213 1632 2270 coguo-

311 2307 411 2356 menta
438 2294 624 2365 Germanici,
658 2293 830 2367 Sarmatici,
863 2295 979 2355 P'ersioi
1007 2297 1140 2355 adiectos
1170 2297 1319 2372 pertinere
1348 2297 1386 2354 ad
1415 2298 1633 2356 acclamationes

313 2398 426 2456 similes
449 2397 694 2456 acclamationum
717 2416 794 2474 quac
817 2399 902 2473 prius
923 2400 954 2456 in
976 2415 1033 2456 usu
1056 2399 1173 2458 luerunt
1195 2399 1464 2474 imperatoriarum.
1514 2397 1577 2456 Nec
1598 2399 1632 2454 vi·
1674 2477 1675 2482 ἵ

312 2501 398 2560 detur
419 2499 499 2559 casui
522 2499 708 2558 tribuendum
733 2519 799 2559 esse
822 2501 902 2576 quod
925 2501 1037 2560 numeri
1061 2502 1149 2560 huius
1172 2503 1291 2578 generis
1320 2501 1448 2575 primum
1477 2507 1634 2574 comparent

312 2603 342 2660 in
365 2604 494 2661 nummis
517 2600 648 2662 Gallieni
672 2602 802 2676 (Itlckhel
827 2603 855 2673 7,
879 2602 953 2679 401)
975 2612 1004 2660 et
1026 2603 1165 2662 Postumi
1189 2603 1322 2678 (Eckbel
1345 2603 1374 2674 7,
1398 2603 1474 2676 4393
1505 2601 1633 2660 delVitts

312 2727 340 2783 p.
358 2706 393 2763 21
419 2725 447 2763 n.
465 2705 533 2780 66),
560 2705 591 2762 id
613 2713 660 2763 est
681 2706 785 2764 eodem
808 2705 870 2762 Iera
892 2713 1025 2782 tempore
1055 2724 1116 2780 quo
1144 2705 1255 2762 numeri
1284 2705 1476 2782 imperatoris
1502 2703 1632 2764 vocabulo

312 2817 413 2868 vetere
435 2827 473 2868 ex
495 2825 551 2866 usu
574 2807 680 2866 adiecti
703 2807 829 2883 primurn
852 2816 1013 2882 coeperunt
1036 2827 1130 2866 annos
1153 2808 1308 2885 regnantis
1331 2809 1512 2887 significare.

397 3255 441 3316 Ut
466 3256 555 3328 nibil,
583 3256 663 3332 quod
690 3257 728 3314 ad
755 3276 817 3315 rem
845 3259 942 3316 Iacere
969 3259 1079 3334 possit,
1110 3259 1360 3333 praetermittam,
1393 3277 1489 3336 pauca
1513 3257 1632 3316 addenda

316 3371 385 3419 sunt
408 3359 445 3418 de
466 3360 658 3436 congruentia
680 3360 807 3436 quadam
831 3359 909 3418 inter
931 3369 1128 3436 cognomenta
1150 3360 1341 3420 Diocletiano
1364 3371 1396 3419 et
1414 3361 1588 3420 Maximiano
1608 3359 1630 3414 iu

316 3463 413 3522 edicto
436 3463 472 3520 de
493 3462 597 3540 pretIIs
620 3481 717 3520 rerum
742 3463 852 3521 tributa
877 3473 908 3520 ct
937 3481 1093 3520 numerum
1121 3471 1191 3540 post
1217 3465 1340 3522 nomina
1367 3483 1468 3522 eoram
1496 3464 1532 3522 ad
1557 3479 1631 3518 roca-

315 3565 417 3623 bulum
440 3565 630 3642 imperatoris
654 3565 846 3642 adscriptum.
890 3563 1111 3635 Diocletianus,
1132 3575 1207 3624 teste
1230 3565 1355 3624 exordio
1378 3567 1467 3624 edicti
1488 3565 1522 3623 de
1542 3563 1632 3641 pretiis

316 3687 425 3738 rerum,
449 3685 513 3724 cum
537 3677 619 3724 esset
641 3667 800 3726 tribunicia
821 3675 969 3744 potestate
985 3665 1104 3739 XVIII,
1128 3667 1226 3726 idest
1248 3686 1326 3724 anno
1350 3669 1422 3740 301,
1444 3667 1633 3745 appellabatur

318 3769 515 3829 Germanicas
539 3769 690 3827 maximus
713 3777 842 3838 sextum,
866 3767 1048 3829 Sarmaticus
1064 3770 1212 3828 maximus
1228 3779 1376 3845 quartum,
1399 3771 1534 3828 Persicus
1550 3766 1634 3825 maxi-

316 3890 384 3930 mus
407 3872 527 3942 iterum,
554 3870 759 3929 Brittannicus
782 3873 947 3942 maximus,
976 3868 1121 3946 Carpicus
1145 3873 1309 3941 maximus,
1336 3873 1530 3931 Armeniacus
1549 3868 1634 3928 maxi-

317 3991 397 4045 mus,
425 3972 558 4030 Medicus
581 3973 746 4045 maximus,
775 3973 974 4032 Adiabenicus
997 3974 1156 4031 maximus.
1206 3973 1318 4032 Decies
1341 3976 1454 4050 septies
1480 3975 1575 4052 igitur,
1603 3989 1633 4027 ec

317 4075 406 4134 modo
434 4092 495 4148 quo
518 4070 727 4146 Constantius,
757 4083 832 4134 teste
854 4075 1014 4133 Ammiano
1042 4074 1092 4149 (cf.
1117 4073 1236 4151 supra),
1264 4093 1342 4132 anno
1367 4077 1443 4147 358,
1470 4052 1632 4135 anto'finem

318 4179 387 4236 anni
405 4177 462 4234 301
489 4195 507 4234 a
528 4175 673 4234 militibus
697 4177 822 4236 salutari
845 4195 876 4235 se
898 4195 1009 4254 passus
1030 4187 1094 4236 erat
1107 4175 1328 4236 Diocletianus.
1364 4177 1526 4254 Imperator
1544 4187 1633 4233 autem

318 4301 354 4339 eo
378 4289 521 4355 tempore,
545 4285 620 4336 teste
643 4278 747 4337 eodem
771 4281 877 4351 edicto,
901 4291 965 4338 crat
987 4279 1109 4338 XVIII.
1154 4278 1371 4350 Maximianus,
1394 4281 1446 4356 qni
1467 4282 1572 4356 reliqua
1591 4295 1632 4334 co·

318 4389 480 4461 gnomenta
501 4379 586 4457 paria
607 4380 724 4438 videtur
746 4381 884 4440 babuisse
907 4401 972 4441 curn
988 4381 1189 4452 Diocletiano,
1213 4382 1265 4440 sed
1282 4379 1480 4441 Germanicus
1501 4381 1632 4440 maximus

319 4483 528 4560 appellabatur
549 4501 608 4540 uon
632 4492 766 4554 sextum,
794 4484 847 4541 sed
871 4486 1020 4561 quintum,
1048 4485 1196 4543 salutatus
1221 4484 1358 4542 videlicet
1385 4504 1404 4542 a
1431 4485 1562 4542 militibus
1587 4480 1631 4536 illo

319 4585 407 4643 modo
437 4585 534 4643 decies
563 4585 680 4656 sexies,
713 4585 874 4660 imperator
902 4605 980 4644 auno
1010 4587 1065 4644 301
1104 4599 1168 4645 erat
1196 4585 1300 4644 XVII.
1356 4585 1454 4662 Supra
1485 4583 1632 4645 statuimus,

319 4687 435 4746 collatis
459 4686 527 4746 aliis
551 4687 797 4764 inscriptionibus
820 4698 849 4748 et
870 4689 1002 4767 ipsorum
1024 4687 1205 4749 Diocletiani
1228 4699 1257 4747 et
1279 4689 1469 4762 Maximiani,
1495 4697 1523 4746 et
1544 4683 1631 4744 multis

320 4873 523 4884 ———---

398 5003 421 5066 ¹)
441 5001 505 5070 Imp.
525 5003 542 5053 I
558 5007 686 5071 reperitur
705 5007 782 5058 etlam
802 5007 882 5056 multo
902 5013 978 5058 antea
995 5009 1022 5058 lu
1042 5007 1265 5070 nummisSevcri,
1285 5009 1312 5059 in
1330 5009 1444 5059 eiusdem
1456 4995 1632 5058 conusens!

322 5095 429 5158 (lielthel
451 5099 476 5158 7,
498 5097 574 5160 167),
602 5105 633 5148 tr.
652 5105 704 5164 pot.
726 5096 743 5146 Ι
760 5099 785 5148 in
806 5101 916 5150 nummis
937 5101 1080 5151 Aemiliani
1104 5101 1150 5162 (ib.
1171 5103 1195 5162 7,
1217 5101 1295 5162 371),
1321 5101 1367 5150 sed
1386 5101 1412 5151 bi
1431 5107 1487 5152 sunt
1504 5105 1557 5164 puto
1572 5091 1630 5142 meri

321 5188 476 5240 soloecismi·
525 5190 577 5242 Sed
604 5191 716 5244 conferri
742 5199 827 5262 potest
855 5191 924 5259 quod
952 5193 979 5244 in
1005 5193 1078 5244 titulo
1108 5193 1207 5244 urbano
1227 5194 1278 5257 VI,
1301 5194 1371 5246 1175
1396 5193 1526 5247 arsamus
1547 5185 1629 5238 Manu

325 5295 392 5335 cous.
406 5295 525 5351 promum.
