3466 5926
289 585 411 634 xxxvl
861 577 1063 628 PRAEFATIO.

379 746 463 832 (70);
491 749 574 812 4082
601 747 728 829 (69*,44
750 746 791 810 44.
817 747 1026 830 44854444),
1062 748 1144 810 4088
1173 747 1236 830 (66,
1256 747 1297 830 4);
1331 747 1412 808 4090
1434 746 1519 831 (69);
1558 747 1646 808 4400

381 849 464 934 (64);
501 852 577 912 4404
603 849 686 934 (84);
721 851 802 913 4404
821 849 933 932 (87,4;
959 851 1041 914 bane
1062 851 1159 914 etiam
1181 850 1412 932 interpolavit).
1468 851 1649 932 Suspectas
1727 923 1728 930 ,

375 973 441 1017 non
463 957 497 1016 in
516 955 729 1036 suspioionem
748 953 872 1016 vooavit
894 954 965 1016 bas:
992 954 1053 1016 ete
1074 953 1158 1038 (47);
1185 956 1246 1018 969
1264 953 1344 1036 (48);
1378 953 1441 1016 974
1461 953 1546 1037 (46);
1582 951 1649 1013 960

383 1055 488 1138 (424);
516 1058 598 1119 tlte
620 1055 719 1139 (442).
744 1091 787 1104 -
809 1053 902 1130 Quod
924 1055 966 1118 ad
987 1056 1114 1138 spurias
1136 1057 1266 1137 attinet,
1293 1075 1357 1118 non
1380 1057 1485 1120 solum
1508 1054 1651 1136 glandes

376 1162 480 1222 musei
502 1161 701 1224 Kiroberiani
723 1159 842 1223 llinioii
864 1167 967 1221 aetate
991 1159 1140 1224 4444444444
1163 1179 1196 1222 4.
1216 1159 1357 1222 t*-te*
1390 1157 1441 1240 (ol.
1467 1176 1551 1240 quae
1575 1159 1650 1220 dixi

377 1283 411 1344 p.
429 1264 469 1324 88
487 1260 573 1346 sqq.)
599 1262 706 1326 denuo
727 1272 764 1325 ut
786 1262 941 1343 genuinas
963 1260 1066 1325 edidit
1076 1261 1112 1344 ¹),
1138 1260 1196 1325 sed
1219 1261 1315 1324 etiam
1337 1263 1422 1324 inter
1436 1263 1557 1342 primos
1582 1269 1646 1340 est,

377 1368 433 1446 qui
456 1364 628 1448 glandibus
650 1365 758 1427 Asculi
781 1367 902 1428 inousis
924 1363 1051 1446 deeepti
1074 1373 1150 1427 sunt
1176 1362 1288 1445 (edidit
1309 1364 1394 1426 enim
1417 1365 1480 1426 iam
1502 1383 1533 1426 a.
1558 1365 1649 1424 4866

376 1477 414 1531 ut
435 1470 607 1549 genuinam
629 1485 663 1528 n.
689 1467 759 1549 87³³,
779 1465 821 1548 4);
858 1467 929 1549 ipse
952 1465 1163 1549 quadraginta
1185 1467 1314 1530 inousas
1335 1465 1499 1548 possidere
1521 1485 1557 1528 se
1582 1468 1646 1547 ait,

377 1588 458 1652 quas
479 1579 517 1634 ut
538 1571 693 1651 genuinas
716 1589 750 1633 se
769 1570 977 1652 aequisivisse
999 1577 1085 1633 oerte
1107 1588 1171 1632 non
1193 1569 1323 1652 negavit
1349 1568 1473 1650 (0444446
1488 1577 1561 1632 4444.
1580 1572 1611 1632 Χ
1629 1571 1647 1630 4

376 1693 410 1755 p.
437 1672 493 1733 744
523 1680 556 1734 44
576 1674 606 1733 Χ
627 1673 645 1731 5
670 1693 702 1754 p.
720 1670 808 1757 728).
856 1671 903 1736 Cl.
929 1691 1012 1753 quae
1040 1671 1108 1734 dixi
1131 1674 1288 1754 pilisq.
1312 1707 1357 1718 —
1385 1673 1472 1746 Quae
1496 1692 1570 1736 eum
1602 1673 1648 1735 ita

377 1785 502 1856 essent,
536 1775 749 1840 Garruooiana
776 1775 874 1840 editio
896 1784 943 1838 tot
972 1774 1145 1856 glandibus
1172 1777 1293 1857 spuriis
1315 1785 1426 1856 totque
1448 1775 1648 1838 lectionibus

378 1877 468 1941 lalsis
490 1876 677 1959 deturpata,
711 1879 788 1940 milri
818 1878 940 1940 nullius
970 1879 1038 1940 4444
1071 1897 1151 1940 usus
1181 1877 1254 1940 luit.
1311 1879 1414 1941 Etiam
1446 1897 1529 1942 anno
1559 1879 1645 1940 l883

377 1999 502 2043 errores
536 1981 606 2043 eius
639 1980 839 2062 deceperunt
859 1981 1019 2043 Victorem
1040 1981 1152 2061 Poggi,
1183 1981 1296 2062 quiin
1321 1981 1468 2044 04444444
1489 1983 1647 2064 4494444444

376 2085 406 2144 Χ
430 2103 460 2164 p.
482 2083 541 2144 498
558 2101 606 2163 sq.
633 2082 675 2145 ad
698 2084 942 2164 inscriptionum
965 2083 999 2144 in
1022 2081 1193 2164 glandibus
1216 2092 1416 2164 repertarum
1439 2103 1558 2164 genera
1584 2085 1646 2148 de-

377 2184 582 2248 monstranda
598 2205 670 2248 eum
683 2187 897 2250 Gerruooiana
908 2185 1033 2266 Sylloge
1048 2203 1127 2248 usus
1143 2195 1228 2248 44444
1243 2186 1319 2266 4444,
1335 2187 1420 2249 inter
1430 2188 1544 2249 XXllll
1559 2207 1646 2269 quae

377 2287 485 2351 attulit
500 2289 648 2369 exempla
663 2289 788 2370 spurias
811 2296 896 2368 ooto,
916 2296 1083 2369 suspectas
1105 2287 1157 2350 vel
1179 2288 1260 2351 male
1283 2290 1383 2352 leetas
1406 2291 1460 2352 4444
1475 2290 1618 2354 admisit.

292 2390 446 2453 Gazzurrn
473 2389 612 2472 Vffizt'ale
626 2390 675 2454 del
689 2393 789 2475 Reque
804 2389 833 2452 d'
848 2391 945 2454 ltalia
959 2393 997 2452 44
1016 2393 1138 2475 4449944
1157 2389 1251 2454 4870.
1268 2427 1312 2438 -
1327 2392 1406 2456 Vide
1423 2391 1465 2456 ad
1479 2412 1513 2456 u.
1531 2394 1585 2474 86,
1605 2415 1641 2458 a..

291 2492 430 2557 4444444444
452 2493 651 2557 Germanou.
675 2492 821 2556 -Vide
844 2492 885 2556 ed
907 2513 940 2556 n.
965 2494 1018 2556 58.

293 2597 447 2660 64444444
470 2597 622 2681 4449444444
644 2597 679 2660 64
699 2596 900 2680 44444εοί4944,
926 2599 1024 2660 storia
1046 2616 1061 2658 e
1084 2597 1266 2660 letterotura
1287 2599 1350 2660 dir.
1376 2598 1418 2661 do
1439 2600 1474 2660 Ι..
1504 2602 1544 2660 Τ.
1570 2600 1646 2662 Bel-

376 2719 475 2784 9rouo
498 2699 535 2762 ad
556 2698 595 2763 Α.
620 2700 707 2762 Neri.
733 2698 873 2761 Genova.
901 2735 940 2745 -
964 2698 1042 2762 Vide
1064 2720 1098 2781 p.
1116 2701 1187 2762 ΧΙΧ
1209 2711 1241 2762 44
1263 2720 1360 2782 supra
1375 2703 1409 2764 in
1424 2703 1483 2764 4444
1498 2721 1572 2784 pag.

295 2803 450 2868 04444444
474 2803 635 2884 scientifico
707 2801 742 2864 di
756 2803 889 2885 Perupia
906 2801 988 2864 4836
1013 2821 1045 2864 n.
1064 2803 1192 2867 24-26
1221 2802 1458 2888 (Vermiglioli):
1483 2824 1516 2868 v.
1534 2825 1568 2868 n.
1588 2807 1641 2880 68;

379 2905 431 2986 74,
452 2925 480 2983 4;
507 2903 559 2985 77,
579 2924 608 2982 4;
642 2902 701 2982 78;
734 2902 786 2984 87,
806 2925 830 2967 4.
861 2939 905 2949 -
929 2904 1011 2966 4869
1035 2903 1120 2986 disp.
1148 2909 1160 2967 l
1194 2905 1443 2990 (bassi-Soottilz
1474 2927 1508 2969 v.
1533 2909 1639 2972 4452.

380 3043 418 3054 -
445 3008 526 3070 4860
555 3005 606 3090 (de
628 3007 781 3090 bliniois):
808 3025 840 3069 v.
866 3026 898 3067 n.
925 3007 996 3069 3l*.
1020 3043 1065 3053 -
1089 3010 1166 3070 4864
1195 3008 1278 3090 disp.
1304 3011 1342 3072 2:
1368 3029 1399 3072 v.
1426 3029 1458 3072 n.
1485 3012 1537 3091 86,
1559 3034 1582 3074 4.

290 3113 386 3174 lanus
415 3110 552 3190 Gerana,
584 3109 811 3190 lnsoriptiones
839 3106 944 3192 (4603)
975 3130 1009 3190 p.
1037 3112 1130 3192 ll58,
1159 3113 1242 3172 4-6
1266 3121 1333 3174 4444
1356 3112 1487 3194 glandes
1510 3133 1543 3175 n.
1566 3115 1595 3194 l,
1617 3137 1640 3178 1.

380 3214 431 3276 l3.
460 3213 510 3292 46,
530 3233 541 3274 4
566 3211 725 3274 exhibuit.
770 3211 832 3274 Eas
854 3213 1017 3294 accepisse
1033 3233 1107 3276 eum
1129 3223 1207 3296 puto
1230 3215 1270 3276 ab
1285 3216 1401 3296 lipsio,
1428 3213 1490 3296 qui
1508 3234 1537 3278 4.
1559 3218 1642 3279 4605

379 3318 449 3398 ipse
472 3313 585 3378 edidit.
625 3313 753 3376 Litteris
776 3315 933 3396 expressit
955 3323 993 3378 ut
1014 3316 1141 3396 Lipsius
1162 3316 1361 3400 vulgaribus,
1388 3318 1514 3382 omissis
1536 3329 1643 3384 autem

378 3416 541 3500 glandium
564 3415 769 3498 imaginibus.

292 3521 446 3603 Georgius
474 3521 651 3599 64444444,
685 3519 813 3582 Siciliae
840 3521 990 3601 antiquae
1020 3521 1160 3585 tabulae.
1209 3521 1256 3586 (ll.
1287 3525 1460 3586 Mommsen
1488 3525 1582 3606 Corp.
1614 3527 1643 3587 X

378 3645 411 3706 p.
431 3621 492 3684 744
518 3641 589 3704 sqq.
637 3620 793 3684 Editionis
816 3623 973 3704 prineipis
996 3623 1158 3699 Panormi,
1191 3644 1274 3688 anno
1296 3634 1333 3688 ut
1354 3626 1422 3689 vid.
1450 3627 1549 3708 4624,
1582 3629 1643 3690 im-

378 3745 508 3810 pressae
537 3725 596 3788 sed
625 3723 810 3806 imperfecte
840 3725 969 3788 reliotae
998 3725 1061 3788 duo
1083 3728 1230 3790 novimus
1253 3729 1464 3810 exemplaria,
1506 3749 1642 3811 quorum

377 3847 477 3894 unum
499 3829 615 3890 Romae
638 3827 672 3889 in
697 3826 777 3890 bibl.
803 3825 1019 3891 Alexandrina
1041 3829 1234 3911 Dresselius,
1267 3831 1405 3894 alterum
1426 3830 1512 3914 apud
1535 3851 1643 3895 saeer-

378 3933 484 3996 dotem
508 3932 723 3994 Cestronuovo
747 3932 780 3992 in
803 3931 904 3993 llante
928 3933 960 3993 S.
987 3931 1135 3996 Giuliano
1156 3934 1368 3997 llommsenus
1390 3934 1485 3997 vidit:
1518 3945 1643 3998 utrum-

379 4055 443 4117 que
465 4035 558 4097 titulo
582 4042 683 4112 oaret;
709 4033 884 4114 posterius,
911 4052 999 4096 nuno
1022 4035 1166 4096 Panormi
1187 4037 1221 4098 in
1244 4035 1437 4099 bibliotheca
1458 4040 1562 4101 musei
1584 4037 1643 4101 ad-

379 4147 558 4218 servatum,
596 4137 738 4198 eontinet
766 4135 960 4198 Tabularum
989 4156 1021 4218 p.
1049 4138 1151 4198 4-83
1181 4147 1214 4200 44
1240 4137 1410 4203 Animadv.
1440 4159 1472 4221 p.
1499 4141 1638 4224 4-454,

378 4241 471 4323 prius
497 4239 628 4320 eadem,
661 4238 723 4301 nisi
747 4237 834 4319 quod
861 4237 895 4298 in
917 4235 978 4300 An.
1004 4258 1037 4319 p.
1059 4240 1120 4300 446
1144 4237 1272 4303 desinit.
1297 4275 1342 4286 -
1365 4240 1424 4303 Ed.
1450 4242 1469 4304 2
1493 4243 1527 4306 in
1549 4245 1642 4306 titulo

380 4343 522 4407 exhibet:
545 4333 715 4406 ‘Messanae
740 4334 814 4404 GID.
840 4333 915 4406 loo.
939 4332 1059 4423 XXJV’,
1085 4341 1143 4405 sed
1157 4341 1277 4424 prodiit
1296 4363 1325 4406 4.
1346 4345 1442 4426 tout,
1467 4346 1524 4425 qui
1540 4365 1643 4409 annus

380 4457 412 4512 et
433 4446 631 4510 lledioationi
661 4454 693 4508 et
715 4445 890 4511 Censorum
916 4444 1137 4526 approbationi
1165 4444 1365 4526 subscriptus
1388 4456 1448 4508 est.
1496 4447 1643 4511 Continet
1669 4442 1672 4448 ’

379 4549 572 4614 'labaderum
586 4569 643 4630 pp.
663 4549 736 4628 408,
761 4546 866 4610 Anim.
885 4567 941 4629 pp.
962 4549 1035 4608 484.
1075 4548 1120 4611 Ea
1136 4546 1242 4611 denuo
1264 4567 1381 4612 exousa
1401 4551 1500 4612 estin
1516 4550 1641 4614 Graevii

379 4655 539 4717 Thesauro
562 4654 684 4733 antiqq.
710 4650 836 4714 Sieiliae
860 4651 921 4713 vol.
939 4650 989 4732 Vl,
1015 4649 1313 4732 tagabitano.
1338 4685 1382 4696 -
1404 4651 1531 4715 Latinas
1552 4654 1642 4734 glan-

380 4755 438 4820 des
453 4757 487 4818 in
503 4755 555 4818 ed.
575 4756 587 4816 l
616 4763 747 4836 praeter
761 4753 924 4835 lipsianas
946 4771 979 4814 n.
1000 4754 1052 4815 l3.
1074 4753 1124 4833 44,
1141 4776 1165 4817 4.
1186 4755 1235 4833 46,
1254 4775 1265 4816 4
1289 4755 1423 4835 protulit
1444 4755 1500 4816 bas
1515 4765 1641 4820 anot-ore

379 4879 444 4922 non
467 4857 623 4922 indicato:
648 4877 681 4918 n.
701 4859 731 4936 9,
751 4875 778 4918 44
795 4863 828 4918 44
842 4875 869 4918 aa
897 4853 947 4937 (44.
972 4856 1053 4918 44444
1075 4875 1107 4937 p.
1129 4854 1217 4938 442).
1243 4858 1279 4918 44
1302 4855 1353 4918 ed.
1373 4858 1392 4920 2
1414 4854 1476 4920 An.
1494 4877 1528 4938 p.
1543 4859 1641 4920 26:

382 4965 472 5026 Thes.
489 4963 526 5024 Vl
551 4961 607 5022 384
637 4959 762 5023 addidit
777 4957 852 5021 Seb.
871 4958 1030 5020 Antonelli
1059 4959 1090 5040 (4.
1110 4979 1139 5021 4.
1157 4957 1431 5041 Andreantonellil
1459 4958 1499 5022 de
1523 4960 1643 5025 Castel-

365 5133 389 5196 4)
411 5133 543 5185 Glandem
560 5145 587 5185 n.
602 5128 636 5182 o*
654 5131 671 5183 l.
687 5131 719 5182 ll.
735 5131 794 5183 4444.
815 5131 993 5181 Garruooium
1007 5142 1122 5181 numero
1136 5142 1186 5181 suo
1199 5133 1249 5181 ate
1269 5129 1511 5197 comprehendisse
1530 5133 1595 5198 puto
1613 5136 1642 5184 ut

294 5219 364 5272 solet
381 5220 488 5272 diversa
507 5219 629 5272 eiusdem
649 5217 833 5282 inseriptionis
858 5215 1022 5281 exemplaria
1049 5229 1104 5266 non
1122 5215 1298 5282 distinguere.
1343 5217 1421 5269 Certe
1439 5229 1473 5268 ne
1490 5217 1563 5302 hane
1580 5220 1641 5283 qui-

294 5305 358 5358 dem
375 5317 491 5370 usquam
510 5305 659 5357 damnarit.
