3470 5932
458 589 762 644 osssnvsrrones
788 588 1075 642 nrrsmrnrcau.
1355 571 1429 644 465

94 765 258 826 Handluch
286 765 315 840 5,
339 764 414 842 572)
441 774 471 824 et
502 767 624 842 ponitur
649 767 687 824 ab
710 764 801 824 Arrio
823 764 1040 842 Menandr01).
1059 825 1065 838 ,
1082 766 1226 826 Reiectus
1248 768 1328 844 quod
1360 768 1430 826 item

94 871 130 928 lit
156 870 272 927 decurio
294 887 472 944 quamquam
495 868 600 928 mirum
624 877 686 940 est,
716 875 796 926 recte
818 867 895 926 sumi
917 868 1028 944 poterit
1050 887 1117 928 aum
1140 869 1229 930 etiam
1251 869 1282 928 in
1304 869 1353 929 ala
1373 871 1430 930 illu

93 973 201 1031 eodem
221 971 287 1030 loco
308 971 403 1030 fuisse
424 981 455 1030 et
476 989 604 1048 poenam
625 971 652 1029 ei
675 968 817 1030 inflictam
840 987 876 1027 eo
899 987 931 1030 se
947 971 1138 1045 continuisse,
1162 982 1194 1032 ut
1208 972 1429 1034 decurionatum

93 1074 249 1144 retineret,
279 1073 332 1133 sed
354 1092 394 1133 ex
416 1073 465 1133 ala
487 1073 701 1132 transferretur
722 1073 753 1131 in
775 1072 935 1131 cohortem.
984 1073 1082 1132 Alarii
1104 1076 1221 1150 equites
1244 1085 1429 1154 quantopere

93 1178 276 1236 eminuerint
297 1194 388 1252 super
409 1175 590 1250 cohortales,
613 1175 745 1235 ostendit
766 1175 848 1252 quod
870 1175 913 1234 ait
934 1173 1108 1236 Hadrianus
1130 1177 1160 1234 in
1183 1178 1318 1236 oratione
1338 1177 1427 1238 Lam·

93 1281 251 1340 haesitans
272 1277 322 1356 ((1.
339 1277 428 1351 VIII,
450 1277 545 1354 2532)
573 1277 739 1354 adloquens
767 1277 882 1354 equites
913 1278 1045 1337 cohortis
1070 1277 1114 1338 VI
1142 1277 1426 1357 Commagenorum:

93 1383 211 1460 difficile
231 1393 273 1442 ast
294 1383 451 1442 cohortales
473 1385 578 1457 equites
601 1385 683 1440 etiarn
700 1398 756 1457 per
777 1398 806 1438 se
821 1379 948 1456 placere,
972 1381 1119 1456 difficilius
1135 1392 1202 1458 post
1221 1383 1330 1443 alaram
1350 1403 1427 1444 eaer-

93 1490 252 1546 citatioaem
273 1504 329 1544 aon
350 1485 518 1562 displicere:
542 1483 604 1543 ulio
626 1487 723 1560 spotia
746 1487 855 1558 campi,
885 1484 962 1541 uliae
984 1485 1169 1542 iaculantium
1195 1505 1340 1558 numana,
1363 1489 1427 1563 sre-

92 1608 185 1666 querts
205 1591 358 1658 destrutor,
384 1587 561 1646 conmortuus
584 1589 703 1657 dorsus,
731 1605 865 1662 equorum
879 1587 993 1661 scroto,
1022 1603 1166 1646 armorum
1187 1589 1278 1648 cultus
1296 1608 1354 1666 pro
1376 1595 1426 1649 sti·

88 1694 184 1768 pendi
203 1692 292 1750 modo.
329 1689 434 1748 Potuit
454 1689 523 1748 addi
539 1689 598 1748 alis
613 1687 780 1766 disciplina.
819 1685 940 1748 Scilicet
954 1688 1033 1764 quod
1048 1688 1107 1748 iam
1122 1690 1153 1747 in
1169 1709 1284 1768 papyro
1298 1692 1425 1770 legimus

92 1795 219 1854 aleriam
241 1792 312 1852 reici
334 1813 371 1852 ex
394 1791 443 1850 ala
462 1795 503 1850 ad
521 1796 633 1868 virgam
648 1792 772 1852 cohortis
786 1789 938 1866 explicant
951 1788 1059 1852 Livius
1075 1809 1123 1868 ep.
1136 1792 1189 1850 tt:
1212 1789 1328 1871 (Scipio
1344 1795 1425 1854 Afri·

91 1915 186 1956 canus
207 1895 317 1972 minor)
339 1914 420 1972 quam
433 1896 548 1954 militem
563 1905 645 1953 esna
659 1895 786 1953 ordinem
801 1893 995 1969 deprehendit,
1011 1897 1038 1952 si
1049 1893 1195 1953 Romanus
1209 1905 1290 1969 esset,
1312 1897 1425 1970 vitibus,

91 2005 119 2058 si
142 2011 300 2068 extremus,
322 2001 412 2074 virgis
434 1999 534 2056 cecidit
552 2005 582 2056 et
596 1997 646 2074 qui
663 1998 754 2056 vitam
770 1996 893 2073 scripsit
907 1995 1074 2054 Alexandri
1096 2014 1120 2054 c.
1137 1996 1191 2054 51:
1214 2001 1240 2056 si
1253 2003 1318 2074 quis
1334 1999 1424 2074 (mili-

91 2101 171 2176 tum)
193 2102 226 2160 de
246 2105 294 2158 cia
316 2104 346 2158 io
367 2102 492 2160 alicuius
509 2103 716 2178 possessionem
730 2100 896 2174 deflecteret,
914 2117 971 2174 pro
993 2099 1134 2174 qualitate
1156 2099 1210 2157 loci
1230 2110 1281 2158 out
1295 2103 1423 2178 smtihua

91 2204 281 2263 subiciebatur
301 2207 331 2260 in
352 2213 501 2280 conspectu
522 2206 581 2260 eius
603 2211 654 2260 aut
679 2205 784 2278 cirpts3
811 2201 861 2259 ubi
887 2200 1013 2276 qualitas
1040 2201 1096 2260 loci
1122 2202 1221 2278 ipsum
1247 2213 1292 2261 est
1317 2204 1424 2281 opinor

90 2307 248 2366 discrimen
271 2306 349 2364 inter
371 2305 491 2364 militem
515 2305 713 2382 legionarium
736 2303 929 2362 salalarium
952 2303 1011 2362 vite
1031 2303 1148 2363 fustere
1167 2306 1371 2382 castigandum
1393 2317 1424 2367 et

91 2409 272 2468 cohortalem
295 2407 385 2484 virgis
407 2407 581 2466 subiectum.
626 2406 739 2466 Mansit
759 2405 851 2486 igitur
872 2424 948 2482 quae
969 2407 1183 2466 observabatur
1205 2409 1299 2467 libera
1318 2409 1422 2468 etiam·

92 2525 155 2570 tum
178 2510 348 2587 republica
372 2509 477 2568 militis
504 2510 579 2568 civis
607 2509 770 2584 militisque
795 2508 944 2586 peregrini
971 2508 1002 2568 in
1029 2511 1223 2586 castigatione
1250 2511 1421 2586 diversitas,

93 2615 143 2674 sed
166 2615 216 2685 ita,
238 2621 271 2672 ut
292 2612 404 2671 alarius
426 2611 590 2688 legionario
613 2611 856 2688 aequipararetur
878 2620 908 2668 et
926 2611 1008 2670 solus
1025 2611 1187 2671 cohortalis
1204 2613 1304 2671 servili
1319 2613 1421 2691 flagel-

91 2713 233 2792 tationit)
263 2715 439 2774 subiaceret.
502 2713 586 2772 Idem
613 2713 773 2772 discrimen
800 2713 930 2771 obtinuit
951 2713 1160 2772 Alexandreae
1185 2717 1263 2774 inter
1285 2713 1420 2775 Graecos

92 2831 119 2878 et
141 2818 308 2897 Aegyptios
320 2816 359 2892 ³).
411 2817 581 2876 Traxerunt
602 2817 695 2892 igitur
716 2815 846 2874 Romani
869 2816 1110 2876 consuetudinem
1133 2835 1198 2875 eam
1220 2837 1239 2874 a
1260 2817 1421 2895 disciplina

91 2921 297 2990 llacedonica3
326 2919 438 2979 scilicet
459 2919 655 2995 imperatores
677 2917 806 2976 Romani
829 2927 985 2994 postquam
1012 2919 1210 2978 auxiliaribus
1238 2921 1348 2978 talibus
1376 2922 1419 2980 uti

91 3031 259 3103 coeperunt,
282 3023 388 3099 quales
411 3021 570 3081 secundum
592 3021 729 3080 instituta
745 3021 909 3080 Alexandri
934 3021 1093 3081 servilibus
1113 3023 1286 3082 verberibus
1307 3022 1419 3082 afficie-

91 3127 208 3199 bantur,
229 3127 260 3184 in
283 3127 322 3185 iis
345 3125 570 3202 castigationem
592 3142 657 3182 eam
681 3123 875 3194 retinuerunt,
898 3142 916 3180 a
938 3123 1052 3182 civibus
1074 3125 1179 3202 procul
1201 3125 1376 3185 habuerunt.

173 3228 346 3289 Translatio
368 3228 505 3304 denique,
528 3227 626 3302 qualis
648 3227 677 3286 in
697 3244 813 3304 papyro
834 3226 889 3284 bac
904 3226 1058 3302 reperitur,
1080 3227 1169 3302 plane
1183 3245 1262 3284 nora
1275 3229 1419 3304 procedit.

90 3331 329 3392 Translationem
358 3349 395 3388 ex
423 3348 546 3388 numero
573 3329 668 3386 altero
694 3330 725 3388 in
754 3329 881 3387 alterum
910 3329 1085 3404 saepissime
1110 3340 1276 3388 memorant
1303 3330 1418 3406 lapides

91 3435 119 3492 in
149 3434 389 3504 centurionibus,
421 3432 533 3509 quippe
561 3431 611 3507 qui
639 3431 669 3488 in
698 3447 843 3508 processu
870 3429 1044 3506 plerumque
1074 3450 1139 3490 cum
1168 3431 1237 3490 loco
1264 3450 1417 3490 nurnerum

89 3545 209 3598 mutent.
258 3535 406 3613 Gregules
429 3535 615 3594 econtrario
638 3533 782 3610 quamdiu
804 3540 920 3592 merent
945 3532 1081 3610 caligati,
1107 3534 1136 3590 in
1164 3533 1268 3592 eodem
1295 3553 1417 3594 numero

89 3659 260 3715 permanere
283 3657 342 3696 non
367 3639 463 3696 solum
490 3635 653 3696 ostendunt
681 3635 800 3695 silentio
828 3653 884 3694 suo
912 3633 987 3692 tituli
1010 3636 1164 3712 permulti,
1194 3635 1247 3694 sed
1274 3636 1323 3696 ubi
1353 3655 1417 3696 mu·

90 3751 163 3814 tant,
190 3743 220 3800 id
247 3749 332 3800 extra
359 3741 491 3798 ordinem
519 3740 583 3797 lieri
609 3739 720 3798 indicat
745 3738 807 3796 lere
834 3736 964 3795 formula
988 3737 1018 3794 in
1049 3737 1184 3796 sollemni
1210 3739 1416 3798 centurIonum

88 3845 246 3904 mutatione
267 3863 327 3902 non
350 3841 500 3918 usitatoi)
528 3841 686 3902 anhelatae
708 3859 742 3898 eo
762 3857 876 3898 numero
897 3839 949 3896 illo
977 3842 1007 3898 ire
1034 3838 1123 3898 illum.
1189 3839 1338 3917 Exempla
1363 3862 1416 3900 nu·

91 3948 158 4006 meri
180 3947 284 4006 mutati
307 3954 376 4006 ante
398 3953 549 4020 acceptam
572 3945 662 4002 vitem
684 3961 759 4019 quac
782 3941 854 4001 mihi
875 3949 998 4018 praesto
1021 3952 1090 4002 sunt
1113 3942 1223 4019 (neque
1245 3943 1324 4002 euim
1346 3942 1416 4002 data

90 4067 176 4124 opera
197 4047 379 4126 conquisivi)
402 4047 524 4106 subieci.

170 4155 195 4212 1.
229 4151 426 4229 Legionarios
452 4149 615 4208 translatos
642 4149 671 4207 in
699 4147 881 4223 praetorium
908 4147 1078 4224 composuit
1102 4146 1239 4208 Bohnius
1266 4146 1415 4222 (Haimath

90 4295 289 4306 ————

160 4375 185 4442 ¹)
205 4377 265 4444 Dig.
287 4379 332 4441 49,
354 4377 396 4440 16,
416 4377 442 4441 3,
472 4375 561 4428 1.16.

159 4469 183 4532 ²)
204 4471 293 4523 Macer
312 4470 372 4536 Dig.
387 4471 432 4532 ta,
454 4471 496 4530 19,
519 4471 551 4519 10
571 4483 622 4534 pn:
643 4483 673 4517 ec
691 4463 780 4534 quibua
799 4466 884 4518 cauae
903 4463 966 4516 liber
977 4462 1092 4530 fustibus
1110 4464 1234 4529 caeditur,
1254 4481 1284 4518 ee
1303 4464 1343 4517 hes
1361 4482 1412 4518 ser·

91 4575 129 4610 rus
138 4562 254 4630 flagellis
273 4561 348 4613 coedi
357 4598 363 4612 .
376 4598 401 4612 ..
420 4559 526 4611 iubetur.
566 4560 727 4612 Callistratus
745 4555 865 4625 Dig.49‚
882 4559 988 4622 lt,12:
1007 4555 1152 4609 verberibus
1170 4557 1311 4610 cerealibus.
1345 4560 1413 4612 Con·

90 4653 356 4717 nonannoeane,
376 4656 418 4717 lt,
440 4657 470 4706 l:
490 4655 513 4704 si
531 4653 611 4720 oirqis
631 4659 676 4702 out
694 4653 757 4702 loris
775 4667 871 4702 ser-aum
890 4649 1003 4701 domitius
1022 4649 1151 4717 adstiterit
1170 4667 1227 4702 curn
1246 4652 1413 4704 adnotatione

91 4743 244 4799 Gotbofrsdi.

156 4839 180 4902 ³)
210 4841 288 4891 Philo
307 4841 333 4890 in
353 4839 475 4890 Flaccum
497 4841 542 4890 10:
574 4835 619 4889 ru'ir
639 4831 765 4906 μαστίγων
785 4833 836 4886 rial
856 4831 976 4906 διαφοραὶ
996 4831 1176 4905 διακιιιριμὶναι
1194 4825 1257 4886 aurci
1274 4825 1318 4901 reio
1336 4825 1412 4887 πᾶλιν

89 4916 140 4995 'tide
156 4920 188 4982 rel
205 4927 250 4982 silv
268 4921 411 4983 τιῖπτισθαι
430 4919 572 4999 palluimus
592 4919 738 4998 ἐξιόμιιτιι·
758 4916 816 4987 sarit
833 4925 877 4998 pbr
894 4915 941 4998 peip
956 4925 1108 4998 Αἰγυπτίους
1126 4927 1221 5000 ἑτέραις
1235 4921 1412 4997 porrigendas

88 5021 219 5088 συμβίβηκι
239 5023 281 5075 aul
300 5012 362 5094 sapie
381 5021 480 5094 laipno,
506 5009 563 5082 scic
582 5019 609 5073 dl
626 5018 814 5090 Ἀλιξιινδρίας
833 5011 950 5080 σπάθαις
968 5020 1008 5072 aal
1028 5009 1074 5072 ini
1095 5011 1264 5092 aaadqqo'puu
1287 5019 1409 5090 Ἀλεξιν·

92 5105 165 5178 lotoe.

153 5209 178 5272 ⁴)
200 5211 387 5279 Exceptionem
406 5211 468 5262 iacit
480 5211 589 5262 fortasse
603 5211 690 5263 titulos
704 5210 766 5261 (1.1.
778 5208 809 5260 L.
823 5209 872 5272 VI,
890 5209 969 5270 2899,
990 5207 1040 5258 nisi
1066 5209 1234 5274 praeterimus
1253 5208 1410 5262 centurionis

90 5305 164 5354 noan
184 5305 383 5370 superscriptam
403 5319 458 5356 essa
478 5305 511 5355 ad
531 5305 721 5357 emendandum
740 5301 893 5354 vocabulum
912 5299 1010 5353 halah.
