3374 5930
399 665 1001 722 oasnnvaurouasneronaemcan.
1293 647 1366 718 401

125 842 179 916 Qui
207 843 271 903 ludi
299 845 329 902 in
357 845 483 921 singolis
511 844 681 920 municipiis
709 844 893 919 coloniisque
916 862 934 901 a
956 841 1180 921 magistratibus
1208 843 1371 900 sacerdoti·

52 947 150 1022 busque
176 947 282 1006 edendi
310 959 411 1006 essent
437 957 467 1006 et
493 955 640 1024 quatenus
668 957 720 1005 aut
746 947 867 1022 publica
891 947 1020 1023 pecunia
1047 945 1076 1004 in
1098 963 1150 1003 eos
1172 943 1371 1019 impendenda

53 1059 98 1106 aut
121 1051 236 1126 privata
263 1049 424 1121 editorum,
452 1068 512 1110 nou
541 1051 607 1126 lege
636 1049 786 1108 communi
814 1049 929 1126 imperii
955 1047 1083 1106 Romani
1110 1047 1370 1120 determinabatur,

53 1151 98 1210 sed
119 1153 177 1210 suis
193 1171 329 1230 quaeque
352 1152 467 1232 legibus
483 1153 589 1210 civitas
611 1153 642 1211 in
664 1171 700 1210 ea
720 1171 752 1210 re
774 1153 939 1230 regebatur.
973 1151 1115 1210 Attamen
1131 1169 1312 1226 quamquam
1335 1149 1371 1208 de

51 1255 210 1314 muneribus
234 1257 316 1332 legas
332 1255 494 1314 civitatium
511 1255 541 1314 in
556 1255 721 1314 minoribus
744 1255 808 1313 sine
823 1255 913 1313 dubio
929 1253 1114 1324 differebant,
1135 1272 1195 1311 non
1210 1271 1319 1328 magna
1340 1253 1371 1311 in

49 1357 98 1412 hae
123 1375 152 1414 re
174 1357 336 1417 diversitas
357 1357 473 1418 videtur
495 1357 677 1430 obtinuisse,
707 1377 773 1416 oum
797 1357 833 1416 ad
855 1357 981 1416 formam
1004 1356 1230 1434 municipiorum
1253 1355 1370 1414 Italico·

48 1477 121 1528 rum,
148 1460 246 1536 qualis
268 1469 338 1536 post
359 1461 455 1518 Italos
478 1478 580 1518 omnes
603 1461 633 1518 in
657 1459 804 1520 civitatem
827 1468 963 1536 receptos
986 1469 1119 1518 extrema
1140 1469 1237 1518 aetate
1259 1458 1371 1516 liberae

50 1561 242 1636 reipublicae
265 1563 398 1622 stabilita
419 1573 498 1634 erat,
525 1563 695 1639 prouinciae
717 1579 835 1640 quoque
858 1572 1024 1641 propagata
1045 1561 1080 1620 ad
1105 1561 1160 1620 has
1182 1561 1301 1620 civitate
1323 1560 1370 1619 rel

48 1674 116 1721 certe
130 1663 295 1724 Latinitate
317 1668 411 1742 magis
434 1666 588 1742 magisque
604 1683 671 1724 sese
687 1665 956 1724 accommodarent.
990 1663 1105 1723 Licebit
1123 1666 1224 1740 itaque
1245 1665 1275 1722 in
1292 1682 1371 1722 oom-
1474 1685 1476 1688 ·

49 1785 126 1824 mune
147 1769 354 1843 quaestionem
377 1769 453 1826 bauo
475 1777 663 1844 pertractare.

123 1868 168 1926 De
191 1870 269 1928 ludis
292 1871 408 1946 publice
431 1888 449 1928 a
471 1871 695 1947 magistratibus
717 1871 947 1947 municipiorum
969 1869 1091 1928 edendis
1114 1869 1185 1946 quid
1210 1869 1371 1928 obtinuerit
1401 1873 1534 1940 magistra-

47 1968 179 2030 Caesaris
204 1981 309 2045 aetate,
339 1973 516 2032 documento
539 1973 649 2052 insigni
672 1974 721 2032 lex
745 1973 881 2032 coloniae
905 1972 1070 2032 Genetivae
1092 1990 1148 2030 nos
1171 1971 1279 2032 docuit.
1324 1971 1369 2031 Ibi
1397 1974 1467 2017 tuum
1481 1983 1538 2018 mu-

47 2092 78 2129 ιιι
99 2076 217 2133 aerario
240 2076 400 2151 quotannis
424 2075 555 2134 duoviris
579 2077 705 2154 singulis
734 2076 804 2134 bina
826 2075 908 2134 milia
930 2075 1113 2148 sestertium,
1141 2075 1286 2134 aedilibus
1310 2077 1370 2134 sin·
1422 2061 1519 2126 nieipa-

46 2176 115 2249 gulis
139 2178 261 2255 singula
283 2177 366 2236 milia
387 2178 588 2238 attribuuntur
603 2177 753 2256 eroganda
774 2179 804 2236 in
821 2177 909 2236 ludos
927 2179 1056 2253 itemque
1072 2177 1160 2236 iidem
1178 2179 1370 2256 magistratus
1438 2154 1501 2204 ΠΜ

46 2297 96 2334 non
119 2281 219 2338 minus
242 2281 312 2338 bina
331 2280 414 2338 milia
432 2281 462 2339 in
483 2282 601 2339 eosdem
622 2281 708 2340 ludos
730 2281 766 2338 de
787 2298 841 2338 sno
860 2280 1031 2356 impendere
1049 2280 1235 2355 iubentur1).
1271 2280 1373 2338 Edunt

47 2392 136 2440 autem
166 2402 267 2442 manas
296 2382 412 2442 ludusve
439 2387 583 2443 scaenicos
609 2395 660 2443 aut
686 2387 717 2441 in
744 2387 818 2443 circo
847 2394 899 2440 aut
923 2387 954 2442 in
974 2379 1092 2458 sor02).
1141 2382 1189 2442 Ita
1214 2401 1279 2441 cum
1308 2383 1375 2460 lege

46 2484 210 2561 obligentur
224 2484 261 2542 ad
278 2485 364 2544 ludos
385 2486 546 2559 faciendos,
570 2505 715 2562 quosnam
738 2487 860 2556 iaciant,
882 2485 956 2562 ipsis
979 2485 1020 2542 ita
1041 2486 1230 2561 permittitur,
1256 2493 1288 2542 ut
1310 2486 1374 2562 gla-

47 2585 170 2646 diatores
201 2605 319 2664 quoque
347 2587 434 2646 edere
461 2589 590 2666 possint,
619 2598 742 2648 eatenus
770 2589 826 2646 boc
852 2587 989 2646 ludorum
1011 2604 1119 2664 genere
1142 2588 1218 2646 inter
1240 2588 1373 2664 publicos

46 2701 163 2765 recepto.
180 2723 224 2734 —
245 2690 328 2750 Idem
349 2693 396 2750 ius
416 2692 446 2749 in
467 2691 691 2769 magistratibus
714 2701 819 2767 postea
837 2709 955 2766 quoque
977 2689 1136 2765 mansit3).
1173 2690 1372 2749 Pecuniarum

48 2791 226 2864 publicarum
250 2810 382 2852 summas
404 2793 470 2870 lege
486 2794 699 2854 determinatas
723 2795 779 2852 bao
794 2811 914 2869 quoqne
935 2801 1032 2850 aetate
1048 2793 1236 2853 continuatas
1253 2812 1320 2852 esse
1342 2793 1374 2850 in

48 2892 125 2952 ludos
148 2895 270 2972 erogari
293 2912 471 2972 quamquam
495 2895 616 2955 dubium
640 2904 774 2966 nonest,
797 2905 883 2955 extra
898 2896 1031 2954 ordinem
1053 2905 1087 2954 ut
1108 2897 1139 2954 in
1155 2914 1206 2954 eos
1229 2895 1373 2974 pecunias

46 2995 155 3056 ordines
185 2997 381 3056 decernerent
406 2999 457 3056 vix
492 2999 661 3074 municipiis
694 2999 873 3076 permissum
908 3008 967 3068 est;
1002 3007 1080 3057 certe
1115 2999 1255 3056 deficiunt
1286 2999 1374 3058 docu-

47 3099 177 3176 menta⁴)
207 3111 236 3158 et
262 3100 398 3158 ludorum
426 3111 561 3178 sumptus
587 3101 636 3159 bio
657 3119 776 3178 quoque
798 3109 831 3158 ut
852 3101 883 3160 in
904 3102 978 3158 urbe
999 3101 1096 3160 Roma
1118 3103 1293 3179 spectabant
1313 3101 1375 3158 fere

45 3200 77 3257 ad
97 3203 303 3280 magistratus.
345 3200 566 3281 Saepenumero
588 3205 627 3262 ob
650 3205 791 3262 bonorem
814 3222 921 3263 munus
942 3203 1151 3282 gladiatorium
1175 3204 1298 3281 dant5),
1321 3205 1375 3262 ali·

115 3495 140 3558 ¹)
171 3496 203 3547 C.
219 3498 267 3547 70.
283 3499 326 3547 71.
362 3497 494 3564 Pompeiis
513 3499 541 3549 11
553 3500 601 3549 viri
622 3515 685 3564 opus
704 3498 803 3549 faciunt
821 3514 851 3547 ec
869 3513 900 3548 eu
914 3498 1041 3565 pepuniu,
1066 3496 1133 3564 qaod
1150 3513 1192 3547 ecs
1213 3514 1225 3548 e
1246 3498 1299 3564 lege
1322 3497 1374 3561 (oo-

45 3584 132 3650 lonise)
154 3595 204 3640 aut
221 3590 247 3638 in
267 3588 334 3640 ludis
353 3597 397 3640 out
416 3591 441 3640 in
460 3599 610 3642 monumento
630 3607 770 3643 connumera
790 3592 899 3658 oportuit
926 3590 966 3653 (C.
981 3591 1003 3642 1.
1017 3591 1047 3642 L.
1060 3591 1096 3654 X,
1118 3592 1191 3653 829).
1223 3591 1304 3642 Plura
1322 3607 1376 3642 non

46 3680 106 3730 oddo
126 3682 160 3731 ds
180 3697 211 3732 re
230 3697 306 3746 saepe
326 3689 441 3734 tractata.

113 3772 137 3836 ²)
169 3775 306 3826 Circenses
328 3775 396 3836 ludi,
422 3791 530 3840 quorum
555 3779 618 3829 alibi
642 3778 674 3842 (c.
691 3778 753 3840 128)
778 3779 805 3827 in
829 3779 885 3842 legs
911 3777 1004 3832 diserte
1024 3777 1121 3826 mentio
1140 3777 1183 3840 fit,
1209 3785 1295 3828 utrum
1315 3792 1376 3828 casu

44 3864 80 3914 hic
93 3867 242 3917 exciderint
261 3881 293 3916 an
313 3873 415 3932 praeter
432 3870 643 3920 consuetudinem
663 3872 775 3922 muneris
789 3870 913 3920 vocabulo
934 3871 1193 3935 comprehendantur,
1214 3886 1267 3920 non
1280 3871 1374 3935 liquet;

44 3955 93 4006 ludi
108 3959 320 4026 gladiatoresque
339 3961 604 4012 commemorabit
637 3963 710 4026 Quae
731 3965 763 4012 de
781 3963 822 4014 bis
842 3964 905 4013 locis
926 3964 1028 4028 scripsit
1046 3963 1141 4014 Nissen
1161 3964 1188 4013 in
1209 3963 1376 4029 Pompeianis

44 4065 64 4112 p.
79 4051 139 4114 695,
161 4067 220 4102 rem
238 4067 291 4102 non
310 4053 503 4118 expeditarum.

113 4141 138 4206 ²)
170 4147 279 4209 Agonas
303 4161 404 4212 quoque
429 4147 528 4199 Graeco
553 4163 625 4198 mors
648 4149 724 4199 edera
747 4149 803 4214 lege
828 4163 882 4198 non
905 4148 1087 4214 probibentur,
1116 4153 1145 4198 ut
1169 4163 1233 4213 quos
1258 4147 1377 4197 duumvir

43 4233 216 4302 Pompeianus
241 4237 270 4288 C.
285 4239 320 4300 X,
342 4242 414 4291 1074
436 4241 533 4305 primos
556 4240 648 4304 edidit,
675 4242 709 4292 ad
732 4256 842 4307 agonem
866 4248 933 4292 certe
959 4256 1039 4306 prope
1064 4241 1196 4290 accedunt.
1236 4241 1280 4290 Ad
1299 4255 1376 4289 roca-

44 4327 98 4378 bula
118 4330 192 4396 quod
213 4330 312 4393 attinet,
337 4331 525 4398 disdnguuntur
544 4335 650 4384 omnino
671 4333 823 4401 agonotheta
842 4343 867 4384 et
885 4334 1042 4383 munerarius
1061 4335 1133 4382 iuxta
1152 4333 1230 4398 positi
1250 4333 1276 4381 iu
1296 4332 1377 4381 titulis

42 4421 214 4473 Antiochenis
228 4423 342 4474 Pisidiae
360 4425 389 4476 C.
404 4427 454 4488 111,
470 4426 530 4476 296.
546 4427 598 4476 297
614 4442 661 4477 nec
681 4427 731 4476 nisi
751 4427 850 4476 deiectu
870 4427 968 4492 proprii
982 4425 1103 4492 vocabuli
1118 4425 1215 4476 iactum
1236 4431 1283 4486 est,
1303 4431 1332 4473 ut
1351 4425 1377 4474 in

41 4513 128 4575 glossis
148 4515 352 4567 Philoxeniauis
377 4533 442 4582 quae
467 4519 586 4568 dicuntur
610 4511 768 4586 ἀγωνοθέτης
787 4527 900 4570 vertatur
919 4519 1083 4568 munerarius.
1122 4519 1217 4582 Aptius
1241 4531 1328 4565 munus
1350 4517 1378 4565 in

42 4605 128 4656 iisdem
149 4607 247 4673 glossis
267 4609 382 4660 redditur
395 4605 541 4678 λειτουργία
561 4611 702 4678 eodemque
716 4612 841 4662 vocabulo
857 4613 937 4662 utitur
950 4612 1074 4662 Libanius
1094 4625 1134 4676 ep.
1149 4612 1201 4661 458
1222 4610 1300 4674 agoni
1320 4622 1378 4660 eam

42 4711 182 4763 opponens.

112 4790 139 4852 4)
171 4791 262 4842 Allilis
285 4794 354 4859 quotl
377 4795 541 4860 magistratus
567 4813 658 4848 munus
682 4798 763 4848 edidit
788 4798 898 4864 acceptis
922 4813 939 4846 u
960 4775 988 4846 re
1007 4793 1133 4864 p(udlica)
1159 4791 1237 4845 XIII
1258 4793 1377 4856 (milibus)

43 4882 182 4947 dommum)
205 4884 247 4946 (C.
260 4887 310 4950 lx,
330 4888 420 4952 2350),
440 4888 530 4938 referri
549 4896 697 4954 potestant
716 4891 750 4940 ad
769 4905 881 4942 summas
900 4889 1028 4954 legitimas
1047 4889 1144 4940 autad
1163 4888 1285 4953 pecunias
1304 4888 1378 4938 ludo-

43 4993 92 5028 rum
114 4993 201 5030 csusa
219 4979 256 5028 rei
281 4979 398 5044 publicae
418 4981 528 5045 legatas,
554 4983 625 5031 cuius
649 4983 750 5047 generis
775 4984 916 5048 legatorum
937 4989 963 5032 et
983 4982 1079 5032 Paulus
1098 4982 1216 5031 meminit
1242 4981 1313 5046 (Dig.
1334 4981 1378 5042 30,

46 5071 91 5118 122
111 5070 165 5137 pr.)
187 5086 236 5120 nec
256 5071 352 5123 indicis
371 5073 463 5124 desunt
481 5074 508 5122 in
528 5075 617 5124 titulis.

116 5163 141 5224 ⁵)
173 5163 287 5214 Munera
314 5165 384 5216 edita
412 5171 472 5215 sunt
495 5165 592 5216 Tibure
621 5181 645 5216 a.
667 5168 718 5218 184
747 5163 840 5216 bonore
865 5165 948 5217 oblato
974 5167 1212 5233 quinquennalitutia
1241 5167 1285 5228 (Ο.
1306 5167 1380 5230 XIV,

45 5255 131 5318 3663),
153 5257 220 5306 item
240 5256 353 5308 Peltuini
374 5257 478 5320 (c.1x,
495 5258 576 5320 3137)
596 5267 621 5308 et
638 5259 756 5311 Corinthi
777 5258 931 5324 (Appuleius
950 5267 1010 5309 met.
1026 5261 1069 5322 10,
1086 5259 1145 5322 18);
1165 5260 1252 5311 Cirtae
1272 5261 1317 5310 sub
1333 5261 1380 5312 Ss-

45 5362 99 5400 rero
119 5347 152 5400 oo
174 5345 293 5400 bonorem
312 5349 360 5400 III
370 5351 469 5401 coctae
494 5349 624 5414 (C.Vlll,
646 5351 742 5414 6995),
771 5353 798 5402 in
823 5353 985 5402 duumviratu
1006 5351 1093 5403 Allitis
1119 5353 1159 5412 (Ο.
1174 5353 1228 5416 IX,
1249 5351 1330 5412 2350)
1356 5357 1383 5402 et

102 5457 162 5518 Vll
1114 5461 1152 5520 26
