3374 5930
418 703 716 760 ossscvnrrouss
741 703 1025 762 nuceriensem.
1310 685 1384 762 455

70 891 180 961 propter
201 879 402 942 neeessariam
424 883 576 942 nominum
593 883 766 959 varietatem
789 891 819 942 et
839 883 1076 944 mutabilitatem.
1109 883 1253 945 Adsecuti
1272 881 1303 944 id
1319 893 1389 944 sunt

69 985 189 1046 Romani
215 1003 269 1061 per
293 985 463 1063 genetivum
489 985 527 1044 ed
553 1005 661 1046 nomen
688 986 859 1046 adiunctum
882 987 1042 1046 secundum
1070 985 1152 1066 leges
1177 988 1221 1046 ita
1242 995 1338 1046 certas
1359 997 1390 1047 et

70 1089 149 1160 fines,
170 1097 201 1148 ut
222 1089 265 1146 rei
288 1086 422 1164 publicae
445 1087 567 1165 spiritus
589 1088 619 1146 in
640 1089 716 1166 ipsis
737 1089 892 1149 vocabulis
907 1090 989 1148 vivat
1010 1099 1039 1148 et
1061 1090 1168 1167 vigeat.
1201 1087 1323 1150 Nudum
1338 1109 1389 1168 ge-

69 1193 192 1250 netivum
213 1189 398 1250 admiserunt
419 1190 467 1248 vel
492 1189 677 1250 retinuerunt
697 1191 827 1252 Romani
853 1191 883 1250 in
906 1192 972 1252 solo
994 1191 1116 1265 merito,
1143 1199 1215 1270 puto
1238 1191 1278 1252 nd
1299 1193 1388 1252 deno·

67 1294 181 1353 tandum
203 1310 264 1352 non
286 1301 346 1352 tam
369 1292 588 1352 matrimonium
611 1311 700 1370 quam
723 1313 851 1366 menum,
873 1295 951 1354 unde
968 1313 1033 1354 cum
1055 1313 1091 1354 en
1113 1295 1186 1356 baec
1200 1313 1318 1373 quoque
1339 1313 1390 1374 ge·

67 1397 154 1455 netivi
181 1395 336 1471 usurpatio
364 1403 478 1454 mature
499 1395 529 1453 in
556 1395 780 1456 desuetudinem
803 1397 902 1456 cessit.
945 1397 982 1455 In
1009 1397 1080 1457 viris
1106 1397 1225 1456 nomine
1252 1407 1332 1456 recte
1360 1407 1390 1458 et

68 1499 151 1574 plene
168 1497 285 1577 prolato
300 1497 522 1575 distinguuntur
537 1499 625 1572 servi,
647 1497 786 1571 libertini,
809 1500 928 1577 ingenui
949 1498 1075 1560 adiectis
1090 1500 1168 1560 notis
1184 1497 1387 1578 s¹)-t-s,

68 1607 215 1677 praeterea
235 1599 331 1677 spurii
353 1599 476 1660 adiectis
504 1600 541 1659 ad
567 1601 686 1660 tertiam
713 1601 821 1661 litteris
849 1617 896 1676 ss,
923 1619 1000 1678 quae
1026 1610 1098 1661 nota
1122 1603 1228 1664 deinde
1255 1621 1294 1662 ex
1319 1621 1389 1682 spu·

66 1705 109 1762 rio
131 1704 191 1762 lilio
212 1721 266 1780 per
285 1703 428 1781 pudorem
451 1702 524 1762 abiit
546 1705 576 1762 iu
599 1701 699 1780 Spurii
719 1704 823 1763 fllium.
868 1705 894 1762 Ε
916 1705 1065 1764 contrario
1088 1705 1169 1784 apud
1191 1703 1326 1765 Graecos
1348 1708 1390 1766 ci-

67 1807 133 1864 vilis
153 1805 303 1865 homiuum
319 1803 477 1865 diversitas
499 1823 566 1866 cum
585 1805 688 1865 eadem
710 1807 757 1881 sit,
780 1807 930 1866 nominum
952 1807 1068 1867 ratione
1089 1825 1277 1885 nequequam
1292 1809 1390 1870 decla·

68 1917 153 1968 ratur.
185 1907 351 1968 Genetivus
374 1907 453 1966 nude
468 1908 637 1985 adscriptus
659 1909 698 1968 sd
719 1927 828 1969 nomen
850 1911 994 1969 muliebre
1016 1929 1086 1970 num
1107 1911 1204 1986 possit
1225 1910 1261 1970 de
1282 1912 1391 1971 merito

66 2011 171 2088 accipi,
193 2009 311 2081 nesci03
338 2018 417 2068 certe
440 2009 594 2070 sollemnis
616 2029 689 2071 usus
712 2013 816 2070 uxoris
837 2013 1014 2072 vocabulum
1037 2013 1170 2074 enuntiat
1191 2013 1310 2073 nomine
1331 2015 1390 2074 ior·

69 2121 144 2172 mato
164 2113 202 2172 ad
224 2114 281 2172 hoc
308 2111 475 2190 exemplum
504 2110 552 2187 (G.
569 2113 592 2171 1.
612 2117 673 2173 Art.
697 2115 759 2186 111,
784 2114 894 2192 1474):
930 2109 1017 2198 Κρινώ
1043 2106 1212 2197 Ἀρτέμωνος
1233 2110 1392 2188 Ἀθηναία,

67 2209 134 2294 γυνὴ
156 2203 186 2273 di
201 2205 332 2288 Ληναίου.
370 2211 437 2273 Ηοο
458 2223 545 2273 extra
566 2215 686 2276 dubium
710 2225 756 2277 est
778 2217 858 2294 apud
880 2215 1015 2277 Graecos
1040 2218 1087 2276 vel
1106 2219 1206 2296 potius
1228 2219 1307 2296 apud
1329 2239 1390 2278 om-

67 2337 115 2377 nes
135 2317 249 2394 imperii
271 2317 400 2376 Romani
427 2316 541 2376 incolas
566 2318 639 2377 iuris
664 2320 814 2398 peregrini
843 2320 873 2378 in
901 2321 995 2380 servis
1024 2319 1189 2394 dominum,
1217 2322 1248 2380 in
1275 2322 1390 2382 libertis

67 2421 316 2493 manumissorem,
339 2419 370 2478 in
392 2419 527 2498 ingenuis
548 2431 662 2498 patrem
684 2423 796 2500 puriter
816 2421 912 2480 efferri
935 2441 988 2500 per
1009 2422 1118 2482 nudum
1139 2423 1316 2500 genetivum,
1341 2445 1392 2484 ne·

67 2543 118 2600 que
139 2543 175 2582 ea
195 2521 380 2582 consuetudo
403 2541 422 2580 a
443 2521 545 2598 lingua
566 2523 689 2599 pendet;
717 2543 786 2583 nam
809 2525 897 2583 etiam
918 2524 948 2582 in
971 2525 1194 2601 peregrinorum
1217 2526 1310 2585 titulis
1332 2526 1392 2587 La-

68 2627 122 2684 tine
143 2625 262 2702 scriptis
285 2625 456 2701 frequenter
478 2624 626 2684 invenitur
646 2627 802 2702 genetivus
829 2627 872 2684 ita
896 2637 1056 2704 usurpatus
1082 2635 1111 2685 et
1136 2627 1190 2687 tilii
1212 2630 1391 2688 vocabulum

70 2729 193 2787 additum
225 2727 399 2805 elegitimo
427 2743 563 2786 sermone
589 2727 678 2786 etiem
700 2727 811 2788 Latino
837 2730 868 2788 iu
895 2728 1061 2807 peregrinis
1084 2730 1231 2788 obhorret.
1282 2731 1393 2791 Errant

69 2831 151 2908 igitur
183 2831 234 2906 qui
266 2830 443 2906 ubicumque
472 2827 620 2888 Graecum
650 2847 757 2890 nomen
787 2831 947 2891 offenditur
973 2851 1009 2889 eo
1035 2831 1238 2891 additamento
1265 2834 1393 2894 instruc·

71 2945 136 3006 tum,
158 2934 188 2991 id
210 2933 247 2990 de
270 2934 398 3008 ingenuo
422 2930 580 3008 accipiunt,
603 2951 671 2990 num
695 2951 761 2992 cum
785 2933 901 2992 abunde
922 2941 1039 2992 constet
1060 2935 1149 2994 etiam
1165 2935 1244 3012 apud
1260 2935 1393 2997 Graecos

70 3035 326 3094 manumissionem
348 3033 507 3092 admodum
529 3033 746 3110 frequentatam
770 3035 893 3114 esse²)‚
919 3037 1070 3095 nominum
1094 3035 1275 3096 Graecorum
1297 3039 1394 3098 forme

69 3138 166 3197 eadem
188 3145 235 3196 est
257 3137 287 3195 in
307 3136 443 3213 ingenuis
463 3145 493 3194 et
506 3133 536 3192 in
551 3135 707 3195 libertinis.
746 3135 880 3211 Quocum
895 3145 974 3197 recte
989 3157 1160 3214 compones,
1182 3140 1262 3217 quod
1279 3139 1395 3200 Graeca

70 3239 166 3317 lingua
186 3239 305 3318 patroni
329 3238 505 3297 vocabulum
527 3257 566 3297 ex
580 3236 689 3297 Latino
712 3257 847 3299 sermone
862 3241 996 3314 adscivit,
1019 3261 1199 3318 quemquam
1216 3242 1318 3321 aliqua
1333 3263 1394 3302 rna·

70 3342 189 3400 numissi
212 3339 342 3400 hominis
365 3340 451 3399 tuitio
473 3341 564 3399 etiam
586 3339 703 3400 Graeco
725 3342 789 3400 iure
812 3343 884 3430 sine¹
899 3343 990 3403 dubio
1012 3344 1149 3404 obtinuit.
1198 3345 1298 3405 Etiam
1324 3365 1393 3405 con·

70 3443 140 3503 dicio
169 3443 321 3504 servitutis
348 3441 476 3504 noticiae
504 3461 543 3502 ex
573 3443 808 3506 manumissione
837 3463 924 3506 sacra
954 3445 1144 3524 derivataci)
1178 3455 1207 3506 et
1235 3449 1393 3508 cothorum

139 3657 162 3721 ¹)
181 3659 308 3724 Intellego
327 3659 433 3710 nomina
451 3659 567 3726 servilia,
588 3665 617 3710 ut
639 3659 785 3711 scribuntur
803 3660 879 3725 plene
898 3661 926 3711 iu
945 3660 1025 3712 titulis
1046 3663 1238 3727 vetustioribus,
1263 3664 1339 3730 quale
1358 3673 1396 3715 eet

69 3747 227 3803 Philodemus
242 3747 370 3802 Volusio.
389 3767 419 3814 e,
440 3753 483 3805 ubi
503 3759 619 3803 extrema
637 3753 665 3803 iu
684 3754 779 3818 scripto
798 3754 903 3804 nomine
922 3754 1080 3820 respondent
1098 3757 1122 3805 ei
1144 3757 1213 3822 quod
1233 3757 1260 3807 in
1279 3771 1396 3808 sermone

71 3853 104 3893 est
123 3843 174 3895 Get
187 3860 238 3912 por
258 3840 428 3906 (Stantereclt
447 3845 472 3908 3,
494 3845 566 3907 tot).
600 3845 693 3896 Aetate
711 3846 880 3912 imperatoris
898 3861 929 3898 es
948 3847 975 3896 in
988 3847 1184 3899 desuetudinem
1203 3849 1266 3900 abiit
1285 3856 1311 3900 st
1329 3851 1396 3901 servi

72 3936 215 4003 plerumque
233 3936 268 3987 ad
286 3951 383 3988 nomen
402 3953 477 3988 suum
497 3938 581 3989 solum
600 3937 700 3988 domini
718 3938 789 3989 nudo
807 3939 925 4004 genetivo
945 3939 1101 3990 adscribunt.

139 4027 163 4092 ²)
191 4029 382 4081 libertinorum
402 4029 519 4082 ordinem
538 4031 697 4096 distinguunt
722 4031 789 4082 tituli
809 4030 902 4082 Graeci
922 4032 1075 4099 complures.
1118 4033 1159 4083 Ite
1183 4034 1295 4100 exempli
1319 4047 1397 4086 eausa

70 4119 215 4188 Pergameni
239 4129 341 4173 mortuo
361 4123 451 4174 Attalo
476 4123 552 4174 tertio
576 4123 717 4174 libertatem
742 4122 829 4187 adepti
852 4131 880 4174 ut
903 4121 1032 4192 ποροίκοις
1055 4126 1184 4176 civitatem
1210 4127 1337 4190 tribuunt,
1360 4128 1396 4178 ita

71 4199 120 4272 sele
139 4212 164 4264 lx
182 4211 250 4278 [suiv]
271 4209 442 4284 Ιξολουθίρων
461 4213 508 4265 sub
527 4216 602 4265 certis
621 4215 816 4266 condicionibus
839 4217 934 4280 pariter
953 4225 1029 4283 etque
1051 4233 1138 4268 servos
1161 4218 1246 4284 regios
1273 4218 1394 4281 (βασιλι-

71 4293 128 4368 ιοΙς)
152 4309 219 4358 inter
243 4321 366 4372 paroecus
385 4307 496 4358 adscribi
521 4307 610 4358 iubent
634 4305 757 4369 (Frdnlsel
778 4322 891 4374 perporo.
909 4307 1061 4375 Insubriflcn
1083 4325 1109 4360 ιι.
1124 4309 1196 4373 249).
1244 4311 1300 4360 Illis
1325 4311 1396 4376 ipsoe

72 4395 197 4450 libertinos
217 4399 399 4464 comprehendi
418 4399 524 4450 dubium
543 4415 596 4450 nou
616 4407 661 4461 cst,
682 4415 739 4449 cum
758 4398 786 4448 hi
804 4415 887 4466 neque
906 4403 989 4452 omitti
1008 4403 1139 4468 potuerint
1156 4417 1240 4468 neque
1259 4404 1339 4454 servis
1357 4419 1396 4454 re·

72 4490 115 4552 giis
132 4490 289 4558 posthaberi.
322 4491 353 4541 In
372 4492 420 4542 hac
440 4493 517 4556 igitur
536 4491 639 4542 civitate
658 4499 684 4541 st
701 4491 814 4541 libertini
834 4499 859 4542 et
877 4507 909 4542 ex
923 4493 1049 4545 libertinis
1065 4495 1169 4544 oriundi
1188 4509 1240 4545 nou
1259 4496 1342 4546 solum
1361 4496 1396 4546 cl·

76 4582 145 4633 vitate
165 4583 295 4644 carebant,
322 4583 367 4634 sed
386 4599 418 4634 ue
438 4585 559 4636 metoecis
579 4585 682 4650 quidem
701 4582 909 4634 accensebautur.
941 4585 1033 4637 Paullo
1053 4587 1155 4638 diversa
1174 4587 1273 4638 ratione
1291 4587 1397 4653 Ephesii

75 4682 127 4737 poet
143 4676 239 4727 bellum
250 4675 455 4727 Mithridaticum
469 4675 536 4727 cives
550 4691 605 4727 esse
624 4678 751 4727 iusserunt
769 4663 827 4734 rarle
845 4673 970 4736 ἱσοτιλοῖς
987 4676 1028 4728 ael
1046 4674 1178 4746 παροίκους
1196 4675 1236 4728 nai
1257 4667 1336 4749 ispmle
1354 4673 1397 4728 nul
1496 4723 1499 4728 .

75 4761 243 4836 ἔξιλιιθίροις
261 4765 302 4817 aul
322 4763 407 4834 ξίοοις
426 4769 470 4835 qni
488 4776 578 4820 contra
596 4783 683 4835 regem
702 4785 777 4822 erma
800 4771 934 4836 cepissent,
960 4786 1049 4822 omnes
1073 4771 1265 4836 (Dittenberger
1283 4789 1309 4823 n.
1324 4773 1397 4834 253).

77 4856 188 4928 Denique
208 4862 245 4912 sic
264 4865 302 4911 est
321 4861 349 4910 in
369 4861 442 4912 titulo
461 4861 597 4912 eruderato
617 4861 663 4914 Cei
683 4863 723 4912 vel
741 4863 827 4927 potius
841 4861 944 4913 Coressi
963 4863 1155 4929 (Dittenberger
1174 4879 1198 4914 u.
1214 4863 1291 4927 little
1313 4860 1397 4914 Ιοτιᾶν

75 4939 165 5006 cirre
185 4945 353 5010 πολίταςκαὶ
374 4941 414 5010 eisc
431 4943 446 5002 ri
464 4939 540 5010 adlice
558 4948 672 5016 κίκληιιον
690 4947 732 5003 καὶ
754 4941 811 5011 cndu
834 4947 962 5022 μιτοῖιοους
985 4953 1026 5006 sal
1048 4942 1105 5014 corle
1129 4949 1316 5024 οἱπιλουθίροις
1339 4939 1398 5005 dees

77 5028 104 5089 ed
120 5041 181 5107 τέλη
200 5043 318 5114 piperem
338 5041 373 5101 tle
391 5040 531 5112 Κορησίον.
571 5045 719 5112 Philippum
738 5061 824 5113 regem
841 5047 1011 5098 Macedoniae
1030 5048 1188 5112 temporibus
1201 5049 1398 5100 Hannibaliauia

79 5141 159 5187 notum
178 5143 217 5188 est
235 5138 303 5188 inter
322 5151 411 5188 causas
430 5137 560 5202 potentiae
579 5139 689 5190 civitatis
704 5139 837 5190 Romanae
855 5141 980 5205 posuisse,
1001 5140 1069 5206 quod
1089 5141 1158 5204 apud
1171 5141 1303 5193 Romanos
1321 5141 1396 5191 liber-

82 5223 122 5277 tini
140 5230 207 5280 cirea
225 5229 316 5280 flerent
334 5229 409 5280 aliter
428 5237 505 5296 atque
524 5229 592 5296 apud
612 5231 725 5283 Graecos
746 5231 789 5294 (ci.
809 5233 921 5283 Hermae
940 5233 990 5282 vol.
1006 5233 1038 5282 17
1059 5247 1084 5296 p.
1099 5231 1173 5294 430).

144 5318 168 5382 ⁸)
197 5321 231 5372 Hi
250 5328 309 5373 sunt
328 5315 394 5390 tepet
411 5323 439 5373 in
455 5322 557 5373 decreto
570 5323 702 5389 Ephesiuo
718 5323 796 5374 modo
811 5324 888 5374 citato
907 5329 967 5374 anto
986 5324 1120 5375 libertinos
1133 5325 1265 5375 nominati.
1298 5325 1331 5376 Δ.
1348 5324 1397 5375 Ca·

78 5411 168 5463 stricina
186 5414 252 5464 tituli
270 5413 373 5466 Deliaci
393 5408 541 5482 trecentae
560 5415 600 5478 (C.
613 5417 635 5468 1.
650 5415 696 5470 Gr.
712 5416 793 5481 2³27)
817 5417 910 5469 rectius
936 5423 1104 5486 componetur
1123 5431 1180 5470 cum
1203 5417 1236 5470 lis
1255 5417 1287 5470 de
1307 5415 1398 5485 quibus

78 5497 192 5559 Francius
210 5507 261 5578 egit
281 5507 310 5566 0.
324 5507 346 5564 1.
359 5505 404 5564 Gr.
418 5507 461 5560 111
480 5523 505 5576 p.
522 5507 583 5564 306.
