3374 5930
313 587 389 662 410
889 607 1073 662 nouussa

314 784 465 846 damnatio
492 783 523 844 in
550 783 655 844 ludum
683 785 721 844 ab
743 785 918 845 auctoribus
945 784 1020 846 iuris
1048 784 1213 846 collocatur
1238 785 1314 844 inter
1341 803 1455 862 poenas
1482 782 1637 844 mediocres

313 889 509 966 aequiparata
529 887 592 948 lere
614 907 728 964 poenae
750 888 913 964 metalli¹).

397 989 556 1052 Gladiator
592 990 630 1050 ad
666 991 872 1052 condicionem
909 1009 974 1050 eam
1010 991 1147 1068 pervenit
1182 990 1292 1067 triplici
1328 992 1461 1064 ratione,
1498 997 1549 1050 ant
1580 1007 1635 1048 sen·

313 1095 406 1155 tentia
437 1093 558 1172 publica
585 1101 638 1151 aut
663 1093 815 1152 voluntate
844 1093 957 1154 domini
986 1104 1038 1154 aut
1064 1111 1130 1152 sua.
1180 1091 1337 1156 Sententia
1368 1094 1424 1154 illa
1455 1112 1522 1152 cum
1554 1101 1581 1152 et
1605 1093 1634 1150 tle

312 1215 399 1258 servo
422 1197 510 1256 etde
531 1197 625 1256 libero
648 1197 768 1256 homine
795 1197 982 1274 pronuntiari
1009 1197 1121 1275 possit,
1148 1205 1209 1256 tam
1237 1215 1342 1258 serens
1371 1197 1490 1258 sublato
1514 1197 1573 1254 iure
1592 1195 1633 1252 do-

312 1301 385 1360 mini
411 1319 500 1376 qnam
521 1299 595 1358 liber
616 1301 668 1376 qui
689 1299 746 1358 luit
767 1317 822 1376 per
841 1317 905 1358 eam
928 1301 1008 1358 servi
1029 1317 1146 1378 poenae
1167 1297 1387 1375 efficiuntur2).
1433 1297 1557 1360 Servum
1578 1317 1634 1356 cum

312 1405 384 1464 olim
400 1403 537 1462 domiuus
552 1421 607 1461 suo
622 1401 744 1461 arbitrio
760 1403 790 1460 in
805 1403 909 1462 ludum
924 1403 1041 1462 mittere
1063 1409 1176 1479 posset,
1200 1402 1289 1462 modo
1304 1403 1342 1462 ab
1356 1402 1419 1462 ludi
1434 1402 1554 1462 domino
1574 1401 1634 1458 reci·

311 1513 441 1584 peretur,
464 1505 502 1564 ab
516 1504 672 1564 Hadriano
694 1506 751 1564 hoc
765 1523 884 1582 quoque
899 1505 946 1564 ius
961 1513 993 1564 ιιι
1008 1505 1088 1564 vitae
1102 1517 1132 1564 et
1149 1505 1230 1564 neeis
1246 1505 1437 1582 aliquatenus
1450 1512 1633 1581 temperatum

312 1619 371 1668 est:
395 1609 508 1668 scilicet
529 1617 560 1665 nt
580 1607 611 1666 in
633 1608 735 1668 ludum
752 1609 853 1668 venire
875 1608 971 1685 potuit
987 1625 1092 1668 servus
1108 1608 1174 1684 ipse
1188 1609 1389 1678 consentiens,
1411 1609 1541 1668 fortasse
1555 1605 1633 1664 etiam

312 1712 458 1772 barbarus
474 1729 493 1769 a
507 1711 701 1770 venaliciario
725 1723 852 1788 emptus,
875 1711 906 1770 in
929 1711 1053 1787 reliquis
1075 1711 1135 1769 iam
1157 1711 1320 1787 requiritur
1342 1711 1432 1788 culpa
1452 1728 1569 1770 nexare
1589 1709 1633 1766 eli·

312 1833 373 1891 qna
398 1823 428 1872 et
454 1813 604 1890 quoddam
631 1814 734 1872 iudicii
763 1813 918 1872 domestici
947 1813 1092 1888 instar³).
1136 1813 1251 1890 Aliquo
1277 1813 1367 1874 modo
1397 1833 1463 1872 eam
1494 1832 1556 1871 rem
1584 1829 1634 1869 non

311 1917 388 1976 inter
414 1917 566 1976 dominum
592 1925 623 1976 et
649 1918 790 1976 lanistam
817 1917 899 1976 solos
927 1924 1108 1976 transactam
1134 1933 1217 1988 esse,
1250 1918 1304 1976 sed
1331 1917 1401 1976 huic
1426 1917 1493 1993 lege
1520 1917 1556 1974 de
1578 1915 1631 1992 gla-

312 2019 476 2080 diatoribus
508 2019 572 2080 suis
605 2020 794 2098 magistratui
828 2019 946 2078 cuidam
978 2036 1101 2078 causam
1136 2019 1320 2096 probandam
1358 2021 1452 2080 luisse
1486 2015 1631 2077 verisimile

313 2133 372 2194 est3
402 2133 483 2182 certe
510 2123 567 2181 hoc
592 2123 651 2182 nisi
676 2123 867 2194 accessisset,
896 2121 1044 2180 Hadriani
1071 2122 1243 2182 constitutio
1271 2141 1376 2199 parum
1406 2121 1539 2180 iuvisset
1580 2117 1630 2179 Sed

312 2245 378 2284 cum
406 2225 554 2284 sententia
580 2225 654 2284 haec
681 2243 778 2302 neque
804 2225 841 2284 de
867 2225 1007 2284 damnato
1029 2225 1067 2283 ad
1088 2223 1189 2284 ludum
1212 2243 1309 2300 neque
1331 2225 1368 2284 de
1391 2225 1511 2284 vendito
1531 2222 1629 2301 gladia·

312 2337 396 2388 turae
422 2345 513 2386 causa
535 2329 624 2386 verba
650 2329 754 2400 iaciat,
782 2328 819 2388 de
844 2327 938 2386 libero
964 2328 1084 2386 homine
1109 2328 1161 2403 qui
1189 2338 1296 2404 sponte
1322 2327 1354 2386 in
1375 2327 1480 2386 ludum
1501 2345 1531 2386 se
1553 2323 1628 2384 tradit

312 2433 376 2490 sive
403 2431 440 2490 de
467 2437 622 2490 auctorato
649 2431 711 2508 agit
737 2431 833 2508 capite
860 2441 995 2488 extremo
1021 2429 1062 2505 (r.
1079 2427 1127 2488 62.
1151 2429 1213 2506 63).
1257 2429 1323 2490 lam
1351 2430 1541 2490 confirmetur
1563 2425 1626 2485 nulli

311 2543 390 2592 certo
411 2533 470 2592 ciri
492 2533 631 2592 Romano
658 2532 741 2608 (nam
769 2532 916 2609 professio
939 2531 1015 2592 haec
1036 2551 1106 2590 num
1129 2531 1169 2590 ad
1196 2533 1386 2612 peregrinum
1409 2551 1525 2610 quoqne
1548 2529 1624 2606 perti·

310 2645 392 2708 neat,
419 2637 483 2694 iure
504 2634 669 2712 dubitabis)
695 2636 726 2694 iu
749 2636 891 2694 harenam
918 2635 1079 2710 procedere
1101 2634 1225 2696 licuisse
1247 2635 1304 2694 nisi
1328 2655 1369 2694 ex
1391 2635 1562 2696 anctoritate
1581 2651 1624 2706 pu·

310 2739 402 2811 blica,
428 2738 542 2798 scilicet
567 2738 754 2816 professione
780 2738 860 2796 lacta
886 2737 964 2814 apud
991 2737 1141 2798 tribunum
1168 2737 1246 2813 plebi
1273 2737 1455 2815 aliquem4).
1498 2735 1623 2794 Videntur
1666 2803 1667 2808 ¹

311 2850 411 2901 antem
433 2842 484 2918 qui
499 2841 641 2900 dimicare
656 2849 799 2920 cuperent
819 2858 879 2898 non
893 2857 1002 2898 nomen
1018 2840 1116 2900 solum
1132 2839 1262 2912 dedisse,
1285 2842 1339 2900 sed
1361 2841 1454 2899 simul
1476 2841 1548 2897 lacta
1563 2854 1621 2894 exa·

309 2945 473 3004 minatione
499 2944 606 3004 aetatis
632 2955 662 3003 et
687 2943 805 3002 roboris
832 2941 980 3002 inhabiles
1007 2943 1109 3002 reiecti
1136 2959 1220 3015 esse;
1250 2943 1305 3002 hoc
1330 2943 1390 3002 nisi
1417 2943 1523 3001 factum
1546 2947 1620 3006 esset,

310 3055 388 3106 certe
417 3047 567 3108 sacerdoti
595 3045 767 3125 provinciae
793 3064 853 3104 non
879 3044 1014 3104 licuisset
1039 3053 1224 3118 auctoratum
1250 3063 1472 3122 quemcumque
1498 3063 1547 3122 pro
1570 3039 1620 3118 gla-

308 3381 436 3438 rstornm,
463 3376 490 3426 in
515 3374 556 3426 bis
579 3389 673 3436 unum,
700 3375 743 3439 qui
766 3373 800 3424 ad
817 3371 931 3438 reliquos
955 3371 1078 3424 adscribit
1101 3371 1254 3424 rotabulum
1281 3369 1408 3436 briseis),
1434 3385 1512 3438 nuper
1531 3383 1617 3433 compo·

308 3471 347 3520 sni
367 3469 400 3520 ad
415 3469 626 3519 commentarium
645 3467 741 3518 editum
760 3467 827 3518 inter
840 3467 1018 3531 supplementa
1031 3464 1164 3516 annalium
1182 3467 1291 3518 instituti
1305 3466 1494 3531 arcbaenlogici
1505 3478 1520 3514 a
1532 3459 1617 3514 Bebrio

308 3568 334 3612 et
352 3560 549 3616 Schuchhardto
569 3558 738 3612 Altertltimer
757 3575 804 3610 eon
823 3557 910 3626 Aeque
929 3575 955 3624 p.
969 3559 1012 3610 67.
1664 3621 1665 3630 1

386 3651 408 3714 ¹)
438 3651 534 3703 Paulas
553 3651 761 3716 sent5,17,2:
783 3649 943 3703 mediocrium
962 3650 1108 3703 delictorum
1124 3665 1220 3720 poenae
1239 3657 1296 3702 mm
1314 3650 1440 3702 metullum
1459 3647 1526 3702 indua
1540 3645 1616 3712 depor-

308 3747 379 3796 tatio.
413 3745 588 3796 Tertullianus
608 3745 640 3794 de
659 3753 737 3810 spect.
754 3745 800 3798 192
826 3745 870 3812 qui
888 3743 1038 3794 dmnnnntar
1057 3745 1083 3794 ia
1103 3743 1200 3806 ludum,
1224 3745 1298 3812 paule
1316 3751 1366 3806 eet,
1392 3751 1419 3795 ιιι
1438 3744 1524 3794 boare
1540 3737 1617 3790 delicit

307 3839 333 3888 in
346 3834 484 3887 homicidas
497 3835 663 3887 emendatione
675 3837 824 3904 proficiant,
843 3837 872 3887 id
884 3843 922 3889 est
933 3828 1071 3903 'quomodo
1085 3837 1189 3888 defendi
1208 3845 1302 3903 potest,
1323 3838 1394 3903 qnod
1412 3853 1458 3904 per
1470 3847 1567 3902 poenam
1582 3831 1611 3879 lt·

307 3931 386 3980 rioris
399 3929 485 3980 delicti
498 3930 532 3980 ad
545 3929 711 3980 homicidium
725 3922 892 3996 adiguntnri'
920 3929 1183 3992 ostentamenta,
1197 3931 1242 3992 23,
1257 3933 1283 3980 l.
1311 3931 1353 3982 Ea
1372 3931 1493 3994 rescripto
1506 3923 1610 3978 Hadriani

308 4021 375 4072 Coll.
391 4025 434 4083 11,
451 4025 475 4083 7,
490 4023 520 4086 4,
545 4023 614 4088 quod
636 4029 704 4073 recte
728 4023 784 4074 sine
810 4023 889 4072 dnbio
912 4023 1039 4087 Ulpianus
1062 4023 1160 4087 accepit
1186 4021 1219 4072 de
1242 4021 1459 4074 condemnatione
1481 4021 1512 4072 ad
1533 4019 1613 4076 ludum,
1663 4047 1664 4066 ι

306 4114 462 4178 intellegitur
480 4115 546 4165 adeo
565 4130 675 4180 poenam
695 4114 792 4165 metalli
810 4115 954 4180 graviorem
974 4113 1053 4164 inisse
1072 4129 1149 4179 qnam
1168 4114 1230 4164 ludi.
1663 4077 1664 4153 1

383 4203 407 4268 ²)
436 4207 563 4272 Ulpianus
581 4207 642 4271 Dig.
656 4209 700 4270 48,
717 4209 759 4270 18,
776 4209 800 4258 8.
818 4210 859 4257 11.
873 4209 915 4258 11.

382 4297 407 4361 ³)
435 4301 583 4350 Hadrianus
607 4307 670 4350 teste
693 4300 761 4350 ritae
784 4301 909 4364 scriptore
934 4300 1012 4361 11,s
1039 4299 1147 4350 lanistae
1170 4315 1266 4350 aereum
1289 4297 1366 4350 nendi
1389 4301 1466 4350 uetuit
1487 4313 1558 4350 caasa
1578 4307 1612 4342 tlt

304 4393 437 4458 praestito.
466 4391 551 4443 Causa
564 4399 591 4442 ιιι
604 4394 631 4442 in
644 4393 824 4442 criminatione
837 4393 922 4457 posita
934 4407 990 4442 esse
1002 4394 1095 4458 potnit,
1109 4394 1145 4442 ita
1158 4393 1264 4442 dubium
1277 4407 1329 4442 non
1342 4399 1383 4442 est
1396 4395 1472 4443 edam
1486 4401 1612 4442 consensum

306 4486 372 4534 servi
392 4501 439 4550 pro
458 4486 525 4535 iusta
544 4485 726 4546 massinissa,
747 4500 805 4534 oum
825 4486 864 4534 rel
882 4484 991 4536 liberum
1010 4484 1142 4536 hominem
1160 4485 1279 4534 voluntas
1296 4485 1469 4550 gladiatorem
1487 4483 1579 4540 efficiat,
1595 4487 1613 4526 tt
1662 4471 1663 4561 1

308 4577 361 4628 alia
380 4593 481 4643 qnoque
500 4579 600 4627 ratione
619 4577 797 4627 condicionem
816 4577 883 4627 servi
901 4578 978 4628 talem
993 4591 1049 4628 esse
1068 4577 1190 4643 potuisse,
1210 4585 1239 4628 ut
1250 4575 1370 4628 dominus
1389 4585 1459 4628 reete
1476 4591 1531 4628 enm
1548 4577 1571 4625 iu
1587 4573 1614 4620 lu·

308 4669 368 4720 dum
388 4669 450 4720 dare
469 4675 557 4734 posset
574 4669 635 4718 licet
653 4684 704 4720 non
725 4670 833 4719 noxium
852 4677 878 4719 et
896 4671 1014 4720 inritum.

383 4760 408 4824 ⁴)
438 4762 518 4827 Apud
537 4761 686 4812 Iuvenalem
704 4769 751 4812 sat.
768 4763 800 4812 11
816 4763 852 4813 in.
877 4761 1004 4814 eiusmodi
1027 4763 1128 4812 iuvenis
1151 4762 1298 4812 luxuriosus
1317 4771 1448 4825 narratur,
1471 4777 1518 4814 aon
1535 4768 1614 4827 copisti

307 4853 416 4922 quidem,
442 4853 487 4906 sed
504 4871 549 4904 nec
570 4851 716 4921 probibente
735 4851 847 4914 tribuno,
873 4855 900 4904 in
920 4869 951 4905 eo
971 4869 1026 4905 eree
1045 4854 1186 4906 abscribat
1207 4853 1273 4921 loyes
1292 4853 1613 4922 ernqtaeertotmmn
1661 4867 1662 4890 ι

307 4949 351 4999 ubi
370 4955 438 4998 recte
457 4947 606 4998 scholiasta:
630 4944 658 4994 id
676 4953 713 4996 eet
730 4961 756 4996 ee
776 4953 969 4998 nactos-uterne.-
992 4955 1036 4998 aut
1054 4944 1116 4998 boec
1134 4947 1284 5014 enipeum,
1304 4963 1368 5014 qnae
1386 4948 1451 4998 iuris
1467 4955 1491 4996 et
1507 4949 1612 4996 maeren-
1661 4893 1662 4969 1

307 5041 376 5094 dinis
394 5047 450 5090 erat
469 5037 501 5090 ab
520 5037 560 5089 bis
579 5035 696 5099 describi,
716 5039 761 5104 qai
778 5046 880 5106 eccepto
895 5040 980 5106 pretio
1000 5041 1026 5089 in
1046 5038 1120 5090 ludos
1138 5055 1164 5089 ee
1181 5037 1364 5092 distrahebant.
1394 5041 1448 5090 lilia
1460 5037 1539 5090 verbis
1555 5045 1613 5102 porte

306 5135 392 5184 innuit
413 5132 489 5181 certis
508 5132 608 5182 casibus
627 5131 754 5180 eiusmodi
779 5131 895 5182 homiues
915 5147 971 5182 sese
989 5133 1162 5182 auctoravisse
1180 5141 1284 5182 coactos
1303 5146 1321 5182 a
1340 5131 1460 5193 tribunis,
1483 5131 1553 5180 minis
1569 5127 1612 5190 opi·

306 5241 355 5277 nor
367 5223 475 5275 carceris
489 5227 514 5272 et
527 5223 686 5273 vinculorum
707 5223 755 5273 bac
769 5231 853 5274 aetate
870 5224 979 5275 sortasse
998 5223 1031 5272 ad
1044 5223 1172 5274 eiusmodi
1186 5239 1259 5276 casus
1272 5224 1403 5291 applicitis
1423 5223 1464 5285 (ci.
1477 5214 1612 5274 Sinam&

307 5320 333 5382 2,
347 5317 409 5368 324.
423 5313 496 5376 327).
518 5339 551 5350 -
571 5315 676 5368 Similes
694 5315 868 5381 professiones
888 5315 953 5368 alias
971 5317 1088 5368 recensui
1108 5314 1265 5369 Staatrrecbi
1285 5319 1310 5380 2,
1327 5318 1379 5370 bib
1394 5331 1445 5384 req.
1660 5299 1661 5375 1
