3466 5926
670 569 869 620 PRAEFATIO.
1325 581 1446 628 xxm

177 743 368 823 nonnullas,
402 763 443 804 cx
464 741 563 804 libris
586 743 760 823 exscriptas
783 743 849 804 iere
872 761 999 822 omnes,
1034 761 1067 822 p.
1086 743 1256 804 tto-252
1287 743 1445 807 exhibuit.

177 845 318 908 Glandes
334 845 437 908 edidit
451 846 513 908 hoc
528 843 642 907 ordine
662 843 869 910 distributas:
893 865 927 926 p.
946 845 1115 908 tot-tte
1138 845 1212 926 (tab.
1233 846 1257 906 ll
1275 865 1307 907 n.
1327 847 1444 930 4-33)

177 947 315 1029 glandes
337 947 415 1011 belli
439 949 578 1028 socialis,
602 967 634 1029 p.
654 949 715 1010 ate
732 967 782 1030 sq.
807 947 847 1026 (n.
867 945 1006 1030 st-ao)
1025 948 1102 1010 belli
1125 949 1268 1030 Spartaci
1295 947 1346 1030 (cl.
1365 969 1447 1031 quae

177 1050 245 1113 dixi
262 1051 356 1114 adn.
376 1051 443 1136 43),
469 1071 504 1133 p.
523 1052 687 1114 sat-tet
714 1051 755 1132 (n.
775 1049 913 1133 37-53)
940 1051 1019 1114 belli
1034 1051 1198 1130 Perusini,
1224 1072 1258 1133 p.
1277 1053 1447 1116 tat-239

179 1153 220 1234 [n.
238 1155 371 1215 tt-se
401 1164 433 1217 et
456 1173 489 1218 n.
516 1155 568 1236 st)
599 1154 755 1217 bellorum
778 1157 973 1218 incertorum
999 1173 1018 1216 a
1052 1153 1234 1234 legionibus
1261 1155 1442 1238 inscriptas,

173 1277 207 1338 p.
234 1259 409 1320 tte-tlt
440 1255 482 1338 (u.
502 1257 638 1338 stt-83)
673 1258 797 1321 Siculae
826 1257 961 1319 Graecas
991 1265 1024 1318 et
1045 1257 1188 1336 Latinas,
1220 1277 1253 1338 p.
1272 1258 1442 1322 tta—tat

173 1359 316 1423 Graecas
338 1360 419 1422 alias
445 1357 539 1441 (inter
561 1359 617 1422 has
640 1379 767 1442 quoque
791 1359 938 1440 Siculas),
964 1379 997 1440 p.
1015 1359 1184 1422 ast-ata
1210 1361 1325 1424 varias.

258 1465 425 1526 Materiam
448 1463 576 1544 collegit
603 1482 679 1526 saue
709 1463 867 1544 copiosam
891 1462 1081 1543 primusque
1104 1481 1200 1542 mam
1224 1463 1286 1526 late
1309 1465 1367 1528 hoo
1390 1463 1442 1526 in-

174 1566 389 1647 scriptionum
412 1584 514 1646 genus
529 1575 664 1648 pateret,
690 1566 811 1630 docuit.
848 1565 928 1629 Cum
943 1584 1020 1627 vero
1043 1564 1215 1646 plerosquo
1234 1565 1366 1646 glandes
1382 1585 1445 1628 non

177 1669 249 1750 ipse
283 1669 550 1750 examinavisset,
587 1669 645 1733 sed
674 1669 706 1730 in
734 1669 868 1732 aliorum
891 1666 1083 1749 apographis
1109 1668 1329 1748 acquiesceret
1350 1677 1383 1732 et
1405 1667 1445 1732 de

176 1772 227 1834 his
250 1772 354 1834 rebus
376 1771 520 1834 iudicare
542 1792 606 1835 non
628 1773 706 1834 satis
728 1769 903 1849 didicisset,
931 1788 993 1832 non
1016 1769 1119 1832 solum
1136 1771 1317 1852 complures
1339 1771 1446 1834 minus

178 1873 351 1938 emendata
374 1877 511 1938 lectione
534 1874 637 1939 edidit
657 1893 769 1936 verum
792 1873 887 1938 etiam
910 1892 1024 1954 parum
1047 1873 1131 1935 cavit
1154 1893 1171 1935 a
1194 1873 1332 1954 spuriis,
1362 1891 1445 1954 quae

174 1986 256 2040 tunc
295 1996 461 2058 emergere
502 1987 688 2060 coeperunt,
731 1974 916 2057 decipiendi
953 1976 1119 2057 prurigine
1159 1996 1195 2050 eo
1231 1977 1313 2057 ipso,
1358 1975 1444 2056 quod

176 2079 313 2160 glandes
348 2101 366 2142 a
400 2081 527 2144 ltinioio
561 2080 787 2160 undecumque
822 2079 1103 2158 conquirerentur,
1139 2078 1356 2141 nebulonibus
1389 2097 1447 2142 ex·

179 2183 287 2248 citata.
335 2184 377 2244 Et
398 2192 505 2246 tamen
529 2183 718 2263 rectissime,
745 2193 782 2245 ut
803 2189 939 2260 caveret,
967 2181 1105 2244 monitus
1128 2189 1196 2244 erat
1218 2203 1236 2244 a
1259 2182 1441 2264 Borghesto;

178 2304 276 2366 quem
299 2294 425 2348 tantum
449 2285 559 2348 aberat
580 2295 617 2348 ut
638 2285 782 2364 audiret,
815 2293 914 2346 utne
937 2293 1125 2364 argumenta
1148 2282 1297 2365 quidem,
1324 2283 1445 2366 quibus

177 2388 239 2450 viri
272 2387 390 2452 summi
419 2389 559 2470 suspicio
587 2388 764 2468 nitebatur,
796 2387 902 2468 palam
933 2386 1100 2468 evulgaret
1128 2405 1229 2468 eoque
1261 2385 1442 2468 impediret,

178 2493 354 2571 quominus
378 2491 418 2554 iis
441 2491 496 2555 alii
518 2490 634 2554 melius
657 2491 704 2553 uti
727 2497 876 2573 possent3
902 2487 944 2550 ol.
962 2507 1044 2570 quae
1060 2488 1128 2552 dixi
1144 2509 1177 2570 p.
1197 2491 1236 2550 89
1253 2509 1302 2570 sq.
1327 2491 1446 2564 Quam-

179 2613 277 2674 quam
315 2593 409 2658 adest
447 2593 477 2656 ei
515 2594 659 2658 nonnihil
701 2593 930 2672 excusationis,
973 2590 1233 2673 quandoquidem
1274 2593 1445 2674 plerasque

179 2717 291 2760 earum
313 2697 494 2779 nuperrimi
518 2715 645 2778 quoque
668 2695 819 2775 editores,
852 2695 928 2756 licet
957 2713 1010 2756 eas
1033 2692 1090 2757 diu
1113 2695 1295 2758 examinare
1318 2704 1445 2758 etcum

179 2799 331 2881 genuinis
354 2799 500 2864 conferre
522 2809 669 2880 possent,
704 2817 754 2860 ex.
781 2816 828 2878 gr.
854 2795 1063 2874 Garruecius,
1094 2798 1253 2878 genuinas
1276 2817 1346 2860 esse
1368 2817 1446 2860 oen-

180 2912 327 2966 suerunt.
353 2937 392 2949 -
418 2902 511 2976 Quod
533 2900 697 2983 glandium
720 2901 874 2981 originem
898 2918 995 2980 saepe
1018 2916 1081 2960 non
1105 2897 1275 2980 indicavit,
1307 2901 1377 2963 eius
1399 2901 1446 2962 rei

180 3006 276 3086 eulpa
298 3006 401 3086 magis
431 3006 502 3068 eius
531 3004 716 3068 auctoribus
743 3021 840 3084 quam
862 3001 976 3065 editori
1000 2999 1173 3064 tribuenda
1197 3011 1260 3082 est,
1295 3001 1352 3064 sed
1375 3003 1445 3084 ipse

179 3119 347 3189 praeterea
376 3109 471 3170 etiam
500 3125 752 3187 nonnumquam.
770 3105 828 3168 ubi
856 3113 1018 3167 exstarent
1048 3103 1182 3185 glandes
1204 3104 1357 3168 adnotare
1387 3124 1446 3168 ne-

179 3211 289 3292 glexit,
315 3219 352 3273 ut
367 3209 529 3291 quodnam
545 3211 711 3292 exemplar
731 3209 896 3290 significet,
917 3208 1096 3270 coniectura
1120 3207 1380 3288 investigandum
1403 3208 1446 3270 sit

185 3313 236 3394 (ci.
256 3312 365 3396 i7,1),
399 3314 432 3374 in
455 3311 647 3393 quibusdam
671 3311 809 3374 discerni
839 3311 934 3393 plane
963 3319 1115 3390 nequeat.
1161 3311 1338 3389 Praeterea,
1364 3311 1447 3373 sicut

180 3417 249 3477 suis
271 3415 351 3478 locis
365 3413 525 3496 adnotavi,
550 3415 776 3478 nonnullarum
792 3413 957 3496 glandium
972 3413 1127 3494 originem
1149 3413 1256 3493 potius
1271 3413 1445 3476 coniecisse

180 3537 221 3579 ex
244 3517 451 3598 inscriptione
467 3517 595 3582 videtur
617 3537 714 3600 quam
736 3516 885 3580 traditam
908 3515 1072 3578 hahuisse.
1089 3549 1133 3560 —-
1148 3515 1306 3596 imagines
1321 3515 1446 3578 littera-

180 3640 251 3683 mm
266 3620 400 3684 iormam
416 3640 530 3702 parum
549 3620 613 3684 lide
629 3629 884 3702 repraesentant,
908 3619 1003 3682 etiam
1020 3618 1103 3698 illae,
1130 3637 1213 3698 quae
1236 3617 1277 3682 ad
1299 3619 1447 3699 exempla

180 3722 340 3786 delineata
362 3723 515 3805 repetitae
538 3733 632 3802 sunt;
666 3722 724 3785 sed
746 3741 810 3803 eae,
837 3741 918 3803 quas
940 3720 1074 3800 subieci,
1101 3739 1138 3782 ex
1160 3721 1350 3803 apographis
1372 3731 1445 3783 tan-

181 3835 251 3890 tum
273 3826 390 3889 litteris
412 3826 601 3908 vulgaribus
624 3827 657 3887 in
686 3825 794 3890 tabula
817 3824 976 3888 exhibuit:
1009 3822 1074 3886 tab.
1093 3824 1168 3887 112.
1195 3825 1224 3886 6.
1246 3826 1297 3886 ta.
1319 3825 1369 3886 46.
1390 3826 1441 3886 48.

184 3930 238 3992 28.
255 3929 309 3992 35.
330 3930 468 3991 39-44.
492 3929 545 3990 50.
567 3929 619 3991 55.
640 3929 692 3990 57.
720 3929 773 3990 60.
791 3926 931 3989 rt-vt.
958 3928 1010 3988 80.
1029 3929 1081 3989 84.
1108 3929 1161 4007 83,
1187 3925 1305 3991 additis
1328 3926 1369 3992 ad
1391 3929 1447 3991 has

182 4041 213 4093 et
238 4034 272 4093 54
309 4032 418 4096 formis
448 4050 579 4114 quoque
608 4029 771 4114 glandium
793 4031 889 4112 plane
912 4030 1098 4094 arbitrariis.
1150 4027 1201 4094 ad
1227 4032 1446 4095 characterum

181 4135 388 4216 antiquorum
411 4134 544 4198 formam
567 4133 817 4216 cognoscendam
840 4135 945 4197 omnia
967 4135 1038 4197 eius
1066 4135 1213 4216 exempla
1235 4134 1357 4196 nullius
1380 4133 1446 4196 lere

181 4257 263 4300 usus
290 4247 377 4301 sunt.
405 4272 444 4284 -
467 4238 508 4300 Vt
529 4237 656 4300 lectoris
678 4235 840 4300 commodo
870 4236 1083 4318 consulerem,
1118 4233 1286 4300 elenchum
1309 4235 1443 4316 subieci,

183 4359 246 4421 quo
265 4340 452 4403 Uinicianus
474 4359 626 4404 numeros
648 4359 719 4402 oum
741 4341 860 4403 nostris
882 4341 1060 4419 composui,
1092 4340 1151 4403 hae
1173 4348 1247 4402 nota
1275 4341 1296 4416 †
1324 4337 1447 4419 signifi-

181 4463 258 4507 cans
283 4444 485 4506 llinicianam
513 4443 751 4524 inscriptionem
782 4462 852 4506 meo
880 4441 999 4506 iudicio
1027 4460 1097 4506 esse
1120 4441 1266 4505 lectionis
1289 4441 1448 4520 lalsae,‡

182 4545 331 4628 glandem
354 4555 555 4628 suspectam,
580 4549 598 4578 *
620 4546 775 4628 spuriam.

134 4766 232 4820 Minicii
303 4769 347 4822 ed.
369 4772 478 4820 nostrae
599 4769 701 4819 Minicii
772 4767 816 4818 ed.
837 4771 945 4818 nostrae
1001 4749 1004 4795 5
1064 4767 1166 4818 Minicii
1238 4765 1281 4819 ed.
1303 4767 1412 4818 nostrae

184 4856 195 4916 4
315 4855 357 4914 r*
641 4852 682 4934 [4]
784 4854 846 4913 tt*
1002 4832 1004 4897 l
1098 4852 1136 4913 aa
1249 4852 1311 4913 aa*

181 4941 199 5004 a
312 4943 455 5018 annua
652 4939 671 4998 a
783 4939 826 4998 a*
1002 4900 1005 5031 1
1098 4938 1136 4998 tt
1248 4941 1345 5016 9444

180 5027 197 5088 3
314 5029 411 5104 illei·
653 5026 671 5085 9
783 5025 828 5084 9*
1003 5084 1005 5099 ,
1098 5023 1137 5082 45
1248 5025 1302 5088 lo

181 5115 198 5175 i
315 5113 378 5174 ll*
634 5111 672 5170 40
783 5111 846 5186 20ss
1003 5108 1005 5154 4
1099 5109 1136 5168 46
1250 5111 1325 5172 464

181 5201 199 5261 s
313 5201 382 5262 aa
634 5197 666 5256 tt
785 5197 847 5256 tn*
1002 5159 1006 5314 1
1098 5193 1136 5255 tr
1250 5194 1289 5256 44
1313 5197 1352 5272 44

183 5287 201 5345 6
314 5285 369 5348 74
634 5283 672 5344 42
781 5284 879 5360 9444
1003 5315 1006 5364 1
1099 5281 1137 5340 48
1248 5281 1288 5343 ad
1313 5283 1358 5356 iss
