3374 5930
314 937 529 1014 plorasset
554 969 594 982 -
621 938 733 998 sibimet
753 937 791 999 59
819 956 879 998 non
905 939 1007 998 addito
1035 941 1109 1014 speie
1135 938 1292 999 vocabulo.
1338 937 1393 998 Olli
1414 956 1535 1015 quoque
1554 957 1580 996 r.
1595 937 1624 997 ts

317 1060 371 1120 pro
399 1041 446 1099 illi
472 1041 615 1119 scriptum
641 1059 709 1100 esse
731 1041 848 1100 videtur
874 1057 932 1100 non
958 1059 1072 1114 errore,
1100 1041 1154 1100 sed
1181 1041 1318 1100 consilio.
1361 1041 1466 1116 Flores
1492 1049 1581 1100 antem
1602 1049 1624 1098 et

318 1143 468 1220 ampullae
489 1143 649 1204 locutionis
660 1143 689 1220 ¹)
717 1149 856 1222 propriae
879 1152 962 1214 sunt,
989 1151 1021 1202 ut
1046 1163 1112 1203 cum
1140 1144 1209 1222 ipso
1231 1163 1301 1204 aere
1326 1144 1494 1220 loquamur,
1519 1145 1559 1202 rei
1582 1163 1622 1220 pu·

316 1247 414 1307 blicse
435 1265 543 1306 mersae
565 1259 592 1307 et
612 1257 722 1308 enetos
743 1247 785 1322 (v.
803 1246 845 1324 2).
885 1244 975 1322 Quod
996 1247 1069 1306 alibi
1091 1244 1231 1322 monuit)
1256 1247 1432 1306 documenta
1451 1245 1566 1323 publica
1583 1264 1623 1321 po

317 1351 380 1428 puli
402 1350 530 1409 Romani
554 1357 624 1408 ante
646 1348 788 1411 Severum
811 1369 830 1408 a
850 1350 967 1408 mendis
989 1349 1051 1408 fere
1073 1349 1219 1409 immunia
1239 1350 1378 1423 inveniri,
1404 1349 1434 1408 id
1454 1349 1575 1408 fortasse
1591 1349 1624 1406 ita

317 1452 541 1530 temperandum
561 1454 628 1524 erit,
651 1461 684 1512 ut
705 1471 772 1512 cum
794 1453 862 1511 eliis
879 1451 1017 1511 omnibus
1038 1453 1142 1530 lingua
1155 1471 1274 1530 quoque
1295 1453 1358 1512 lsbi
1380 1452 1506 1528 coeperit
1526 1469 1574 1528 per
1591 1452 1625 1508 in·

317 1557 418 1614 sausta
439 1565 573 1632 tempora
595 1555 666 1614 belli
687 1555 899 1614 Marcomanici
922 1562 951 1613 et
973 1555 1090 1632 imperii
1113 1553 1331 1615 Commodiani.

165 1655 229 1706 Part
242 1672 280 1706 δε·
400 1657 489 1734 Quod
515 1676 609 1736 genus
635 1659 819 1717 monumenti
848 1657 1136 1734 recuperaverimus,
1165 1659 1267 1718 statim
1293 1667 1432 1736 apparet:
1464 1665 1571 1735 partem
1593 1665 1625 1714 te-

177 1757 262 1800 ¹¹³²¹¹⁸·
316 1780 420 1822 nemus
454 1760 709 1820 senatusconsulti
740 1761 811 1819 facti
844 1761 959 1820 Romae
992 1771 1022 1820 et
1053 1760 1160 1818 deinde
1195 1780 1249 1839 per
1284 1761 1456 1839 provincias
1490 1759 1625 1836 publicati.

169 1843 276 1892 ⁰⁰⁰⁸⁰¹ti
316 1866 427 1926 Forma
449 1883 486 1923 es
506 1873 560 1937 est,
583 1882 659 1940 quse
681 1863 811 1923 obtinuit
832 1863 863 1922 in
886 1869 1007 1922 senatus
1031 1863 1157 1924 decretis
1179 1864 1251 1924 indo
1272 1865 1309 1923 ab
1331 1861 1526 1940 Hadrianoi)
1546 1862 1625 1922 cuius·

316 1989 375 2048 que
401 1969 490 2027 etiam
517 1967 668 2044 antiquius
695 1967 865 2044 exemplum
893 1975 977 2025 extat
1002 1968 1145 2026 hactenus
1173 1967 1280 2045 opinor
1305 1985 1367 2026 non
1393 1965 1625 2027 animadversum:

316 2075 383 2132 dico
410 2071 574 2130 orationem
597 2068 717 2130 Claudii
744 2067 935 2146 imperatoris
956 2067 1218 2146 Lugudunensem.
1260 2069 1339 2128 Eam
1367 2078 1481 2147 partem
1505 2085 1625 2129 essese

315 2185 402 2235 natus
425 2174 534 2233 decreti
562 2173 600 2232 ad
625 2173 702 2232 banc
722 2172 850 2231 formam
876 2172 1035 2250 perscripti
1057 2173 1207 2251 colligitur
1228 2191 1267 2232 ex
1288 2173 1387 2250 capite
1408 2175 1440 2232 in
1462 2172 1555 2232 medis
1573 2187 1625 2228 ors·

315 2279 395 2338 tione
416 2276 595 2352 interposito
617 2276 687 2335 hoo:
716 2287 823 2352 ternpus
845 2285 886 2334 est
907 2278 980 2348 ion,
1006 2275 1049 2332 Ti.
1066 2274 1177 2335 Caesar
1199 2274 1379 2348 Genneniee,
1403 2278 1526 2352 decepere
1545 2285 1624 2348 tapo-

315 2382 405 2442 tribns
428 2381 608 2456 conscriptis,
635 2397 690 2455 quo
713 2381 809 2438 tendat
835 2381 926 2438 oratio
949 2389 1012 2448 tuo,
1040 2381 1098 2437 ium
1119 2381 1191 2437 enim
1213 2381 1255 2439 ad
1280 2391 1416 2439 maestos
1435 2381 1508 2456 fines
1529 2375 1623 2436 Gallius

314 2483 510 2542 Narbonensis
526 2485 636 2552 uenisti,
661 2499 737 2558 quae
752 2481 844 2540 verba
864 2500 925 2540 non
947 2491 1016 2539 sunt
1037 2482 1228 2558 imperatoris
1251 2482 1302 2559 qui
1324 2483 1391 2560 ipse
1414 2499 1448 2540 se
1469 2479 1623 2557 interpellet,

315 2587 368 2644 sed
390 2593 562 2646 senatorum
584 2583 810 2644 acclamantium
835 2591 866 2644 et
891 2584 979 2642 simul
1001 2593 1150 2643 oratorem
1176 2584 1328 2661 prolixum
1351 2584 1549 2654 irridentium,
1572 2599 1623 2658 per·

315 2689 437 2767 scripte,
459 2696 492 2746 ut
512 2687 545 2746 tit
563 2687 594 2745 in
615 2687 892 2760 acclamationibus,
913 2686 1101 2764 loquentium
1122 2687 1293 2746 nominibus
1312 2687 1403 2746 nullis
1426 2685 1554 2747 adiectis.
1582 2681 1622 2744 Se

314 2793 441 2852 cundum
456 2810 522 2850 eam
537 2789 663 2849 formam
679 2789 717 2848 ad
733 2789 906 2849 relationem
929 2790 972 2865 (a.
988 2789 1041 2848 272
1059 2809 1132 2866 qnae
1147 2791 1188 2849 od
1200 2809 1253 2849 nos
1267 2793 1384 2850 macinii
1402 2794 1544 2867 principes
1556 2795 1621 2845 rettu-

315 2895 427 2971 lerunt),
451 2893 508 2966 vel,
531 2905 564 2952 ut
583 2893 640 2952 hac
655 2899 751 2952 aetate
775 2911 842 2952 cum
864 2893 955 2951 refert
976 2893 1138 2970 imperator
1152 2893 1329 2969 plerumque
1343 2893 1465 2965 dieitur,
1486 2888 1621 2950 adoratio

313 3017 380 3057 nem
409 2996 520 3073 (v.13:
548 2995 694 3072 legebatur
718 2999 823 3067 orati03
851 2993 903 3053 28:
931 3015 965 3054 en
986 2999 1112 3056 crotone
1133 2999 1329 3068 sanstissimo3
1357 2995 1414 3056 46:
1439 2996 1621 3073 mancupion

314 3104 427 3161 divinoe
454 3098 604 3174 orationis)
631 3097 834 3175 adiunguntur
861 3098 1025 3157 sententiae
1052 3117 1119 3172 ese,
1147 3099 1257 3176 quibus
1285 3107 1409 3159 senatus
1438 3097 1565 3158 &sensit
1583 3091 1621 3150 ad·

314 3203 434 3282 scriptis
462 3210 616 3261 auctorum
643 3201 822 3260 nominibus.
866 3200 930 3258 Iam
958 3200 1157 3280 intellegimus
1184 3203 1259 3261 lusec
1284 3203 1401 3275 omnia,
1435 3201 1533 3279 qualia
1551 3219 1567 3258 s
1583 3213 1619 3256 uo

313 3307 399 3366 tariis
422 3314 547 3383 excepta
567 3304 598 3362 in
614 3303 845 3363 commentarios
868 3303 1081 3376 referebantur,
1104 3312 1221 3364 retente
1238 3305 1375 3365 oratione
1389 3304 1506 3365 directa
1525 3311 1621 3363 senatus

313 3409 448 3469 consulto
475 3407 627 3486 publicato
654 3409 767 3466 inserta
790 3423 869 3466 esse.
911 3405 1129 3482 Imperatorum
1154 3407 1261 3466 relatio
1289 3407 1379 3485 periit
1405 3426 1462 3468 nec
1482 3405 1568 3483 magis
1586 3421 1621 3460 su·

313 3521 413 3590 perest
440 3517 561 3569 senatus
587 3509 753 3580 decretum3
787 3517 922 3568 tenemus
948 3509 1080 3568 tabulam
1108 3511 1236 3570 mediam
1262 3509 1310 3568 vel
1343 3527 1383 3568 ex
1415 3509 1519 3570 mediis
1542 3522 1620 3570 unam,

154 3625 289 3680 sententia
313 3633 374 3691 qua
386 3614 553 3672 continetur
568 3615 706 3670 sententio
724 3615 822 3688 primo
845 3611 885 3686 (v.
904 3609 957 3687 21)
980 3621 1010 3671 et
1026 3612 1094 3688 ipse
1109 3621 1168 3671 tam
1191 3611 1337 3690 principio
1352 3631 1446 3689 quarn
1460 3613 1517 3671 fine
1530 3607 1621 3674 mutila

124 3715 128 3722 ⁴
182 3719 265 3784 prima
314 3725 346 3775 ut
367 3716 436 3792 quis
458 3714 495 3773 de
517 3733 553 3772 ea
579 3733 612 3771 re
636 3715 680 3772 ita
700 3713 848 3774 censuerit
872 3713 1037 3793 ignoretur.
1079 3714 1227 3774 Fortasse
1248 3723 1368 3774 senator
1390 3715 1452 3774 fuit
1476 3733 1513 3773 ex
1532 3709 1621 3773 Galliis

314 3817 473 3886 oriundus,
501 3835 569 3875 cum
596 3826 625 3875 et
651 3817 702 3876 ubi
728 3817 792 3895 agit
817 3815 853 3874 de
880 3816 1099 3892 provinciarum
1122 3817 1299 3877 sacerdotiis
1327 3816 1369 3894 (v.
1386 3819 1427 3877 14
1443 3819 1519 3894 seq.)
1542 3823 1568 3872 et
1584 3809 1621 3870 ubi

315 3919 495 3980 mentionem
517 3919 589 3978 fucit
610 3919 834 3996 municipalium
857 3917 899 3994 (v.
917 3919 972 3996 56)
996 3939 1072 3997 quse
1093 3919 1130 3978 de
1154 3921 1293 3979 omnibus
1313 3919 1453 3980 obtinent
1474 3919 1512 3978 ad
1525 3915 1622 3978 Gallias

314 4023 474 4094 convertit3
498 4023 550 4081 sed
564 4041 666 4081 verum
681 4030 727 4080 est
746 4021 776 4080 id
792 4021 865 4081 satis
880 4021 1025 4098 explicari
1040 4040 1107 4080 cum
1121 4041 1160 4081 ex
1176 4033 1329 4082 oratorum
1345 4021 1556 4083 consuetudine
1575 4027 1620 4074 tum

314 4144 351 4184 ex
376 4123 542 4186 Galliarum
565 4124 738 4202 splendore,
766 4143 834 4184 cum
856 4125 1031 4201 praesertim
1052 4125 1252 4202 gladiatorum
1274 4124 1406 4185 studium
1429 4127 1460 4184 in
1482 4121 1620 4184 Occidente

313 4229 401 4305 longe
423 4228 517 4305 magis
538 4227 672 4305 flagrarit
693 4245 782 4304 qusm
804 4229 836 4286 in
860 4226 1023 4304 provinciis
1046 4225 1183 4287 Graecis.
1226 4227 1410 4305 Adloquitur
1431 4236 1534 4287 auctor
1552 4221 1620 4282 modo

314 4331 444 4409 collegas
468 4329 535 4405 (10:
560 4347 609 4388 oro
629 4349 691 4401 uos3
716 4327 768 4388 28:
792 4333 889 4388 sivos
907 4329 1065 4406 probatis),
1086 4329 1176 4389 modo
1197 4331 1282 4408 ipsos
1304 4332 1501 4408 imperatores
1522 4323 1582 4404 (ll)
1599 4327 1619 4380 et

314 4433 356 4492 ait
381 4434 500 4510 ipsese
528 4442 646 4509 praeter
667 4432 911 4492 consuetudinem
937 4432 1065 4492 orationi
1091 4432 1259 4509 principum
1280 4451 1340 4492 non
1367 4432 1512 4493 adsentiri
1537 4447 1585 4486 unu
1602 4431 1620 4482 et

314 4541 458 4596 succincta
479 4538 616 4594 sententio
638 4533 720 4610 (27),
749 4533 801 4593 sed
823 4535 892 4593 licet
916 4535 1023 4612 probet
1043 4533 1127 4593 illam
1150 4543 1180 4593 et
1205 4535 1347 4612 pleraque
1368 4537 1439 4594 inde
1460 4534 1498 4592 ad
1520 4531 1619 4590 verbum

313 4647 438 4715 repetat,
461 4639 579 4716 placere
601 4637 660 4695 sibi
682 4635 773 4696 latius
796 4637 962 4715 exspatiari
984 4646 1014 4696 et
1035 4635 1145 4696 addere
1160 4637 1236 4696 adeo
1252 4637 1410 4715 quaedam,
1432 4637 1539 4714 quibus
1558 4631 1620 4709 prin·

314 4743 389 4820 cipis
416 4741 600 4819 propositum
628 4739 792 4799 adiuvetur.
837 4739 962 4816 Aliquot
983 4739 1046 4798 dies
1073 4739 1281 4799 intercessisse
1306 4741 1384 4799 inter
1405 4741 1565 4799 orationem
1586 4749 1620 4789 re

314 4845 435 4905 citatam
458 4853 487 4903 et
509 4841 684 4903 senteutiam
707 4841 817 4901 dictam
840 4841 907 4901 inde
923 4841 1084 4920 colligitur,
1105 4841 1185 4918 quod
1207 4843 1239 4902 in
1259 4843 1316 4902 bsc
1331 4843 1422 4902 verbs
1443 4843 1518 4902 fiunt
1538 4839 1570 4897 de
1588 4834 1617 4892 ss·

391 5091 415 5154 ¹)
443 5091 626 5142 Anscoluthon
645 5107 669 5142 v.
685 5091 719 5142 53
739 5097 765 5141 st
782 5091 846 5142 ordo
865 5091 1051 5143 sententiarum
1065 5093 1170 5145 vitiatus
1187 5093 1301 5146 maxime
1319 5109 1344 5144 r.
1357 5093 1392 5144 48
1406 5107 1457 5158 seq.
1476 5089 1536 5141 inde
1553 5081 1618 5150 eupli·

313 5191 410 5247 cantur,
431 5184 500 5249 quod
520 5186 663 5236 orationem
683 5191 799 5234 tenemus
817 5197 833 5233 a
851 5185 953 5234 notario
973 5191 1117 5248 exceptam.

391 5275 415 5338 ⁹)
445 5275 475 5327 O.
488 5277 511 5326 Ι.
524 5277 554 5328 L.
568 5277 611 5327 111
630 5294 655 5341 p.
669 5277 732 5328 919.
761 5277 873 5328 Hermas
891 5277 943 5327 vol.
959 5277 992 5328 14
1011 5291 1037 5340 p.
1052 5277 1096 5327 71.

389 5367 415 5430 ³)
443 5366 740 5431 discernebamus.

321 635 396 711 394
894 657 1078 711 uouusnrs

318 833 393 892 tavit
414 832 481 894 bos:
506 834 660 894 cauendum
681 851 742 894 cum
764 833 898 913 aliquod
922 867 961 880 -
985 845 1080 895 enecta
1095 831 1113 892 2
1129 865 1169 878 -
1184 833 1352 913 socusntd
1371 865 1408 880 -
1422 833 1525 912 plestdi
1545 833 1580 894 38
1593 867 1624 878 -

1659 5271 1660 5324 l

1659 5325 1660 5388 l

1659 5389 1660 5440 l
