3392 5928
439 639 636 696 PROVINCIA
663 641 972 696 Psocousvaems.

157 875 236 934 XLI.
283 879 450 939 Hammdm
471 879 531 956 Ias
547 878 597 956 (0.
619 900 648 958 p.
668 880 736 940 131.
759 879 836 952 9283
859 880 926 956 eph.
950 877 1083 957 epigr.V
1107 897 1135 955 p.
1153 881 1237 955 537).

49 1030 100 1090 tlt
123 1033 155 1089 ad
175 1034 240 1111 eph.
264 1036 566 1115 epigr.Vn.1222‚
611 1057 630 1096 a
652 1039 780 1114 primum
802 1036 930 1116 pessime
953 1037 1035 1096 edita
1057 1045 1104 1096 est
1130 1037 1161 1094 in
1191 1037 1265 1096 actis
1288 1036 1369 1095 diur-

82 1135 119 1192 uis
138 1154 164 1211 q.
185 1137 213 1194 d.
236 1136 377 1198 Journal
398 1141 500 1217 official
521 1140 655 1200 Tantalon
677 1141 705 1200 d.
731 1143 744 1199 l
770 1141 857 1199 Mart.
881 1159 907 1198 a.
926 1137 1021 1210 1883,
1043 1138 1151 1197 deinde
1173 1139 1328 1198 emendate
1350 1157 1369 1196 a

79 1234 214 1296 Delattrio
240 1260 307 1299 una
341 1260 410 1300 oum
434 1243 450 1299 b
477 1245 544 1302 ibid.
579 1242 606 1300 d.
636 1243 780 1314 illlam,
814 1261 829 1300 c
857 1242 895 1300 ab
921 1239 1023 1300 eodem
1055 1241 1123 1298 ibid.
1158 1241 1186 1299 d.
1216 1240 1254 1300 29
1277 1241 1367 1300 Mart.

79 1360 100 1396 a
122 1339 209 1414 1883,
243 1343 260 1400 b
292 1343 418 1403 adiecta
442 1345 580 1403 uberiore
607 1345 747 1403 ruderum
777 1354 907 1404 totorum
934 1343 1134 1418 descriptione
1161 1343 1191 1400 in
1220 1345 1294 1402 actis
1325 1341 1369 1401 Le

80 1440 173 1501 rona
192 1443 222 1501 d.
242 1445 278 1502 11
301 1445 379 1504 Mai.
403 1465 431 1504 a.
450 1447 537 1506 1883.
581 1445 724 1506 Eiusdem
742 1445 883 1506 Delattrii
905 1445 1081 1504 humanitati
1104 1445 1169 1522 ipse
1190 1446 1282 1504 debeo
1298 1445 1368 1504 titu-

78 1544 163 1604 lorum
188 1547 278 1605 trium
305 1547 539 1608 delineationem
563 1549 830 1626 diligentissimam.
868 1547 1007 1624 Denique
1023 1565 1100 1624 opus
1119 1547 1267 1608 musivum
1283 1549 1369 1607 aulae

79 1647 241 1726 principalis
265 1649 425 1710 coloribus
447 1652 557 1727 pictum
580 1652 691 1712 editum
715 1661 761 1711 est
782 1671 840 1711 reo.
856 1651 933 1710 orob.
951 1669 979 1708 c.
994 1649 1073 1710 1884
1093 1651 1152 1709 tab.
1165 1650 1226 1709 VII
1240 1659 1270 1710 et
1280 1650 1368 1725 VIII,

78 1749 143 1807 tituli
163 1769 183 1808 a
203 1759 235 1810 et
255 1771 273 1812 c
296 1755 464 1830 separatim
493 1755 553 1813 tab.
567 1753 615 1813 IX
635 1763 665 1814 et
683 1753 725 1814 X.
777 1753 865 1814 Unde
887 1753 985 1812 refero
1008 1769 1101 1829 supra
1122 1753 1240 1812 titulum
1266 1754 1366 1831 pisces

77 1853 146 1912 cerui
166 1853 196 1912 in
219 1873 305 1932 aqua
331 1867 364 1914 et
385 1873 456 1915 aves
478 1857 642 1933 aquaticas,
665 1867 695 1916 et
717 1857 925 1935 caputbovis,
949 1862 983 1914 ut
1004 1855 1132 1927 videtur,
1155 1855 1238 1914 cuius
1259 1873 1368 1934 corpus

76 1955 166 2028 periit,
193 1967 223 2013 et
244 1956 359 2030 flores,
388 1967 418 2016 et
439 1960 540 2019 orbem
562 1969 646 2018 rotae
669 1961 810 2032 similem,
833 1959 885 2036 qui
909 1957 1024 2017 videtur
1046 1957 1215 2037 significare
1238 1957 1369 2018 solome

77 2057 142 2115 mari
162 2058 323 2120 orientem.
370 2060 453 2118 Infra
475 2069 522 2119 est
544 2062 655 2121 saliens
678 2081 717 2122 ex
739 2063 884 2138 amphora
906 2061 1087 2120 scaturriens
1107 2061 1186 2120 inter
1208 2059 1282 2120 duas
1304 2061 1367 2137 pal·

77 2177 146 2232 mas,
175 2170 204 2219 et
225 2182 247 2220 a
268 2163 412 2222 salientis
433 2171 518 2240 parte
544 2175 670 2242 utraque
695 2183 775 2243 pavo
803 2173 834 2224 et
859 2163 924 2224 avis
950 2164 1063 2236 minor,
1089 2171 1245 2242 praeterea
1269 2164 1368 2224 flores.

77 2258 184 2322 Titulos
205 2283 290 2326 nunc
314 2275 421 2343 repeto
443 2266 616 2327 emendatos
640 2286 677 2327 ex
699 2265 843 2327 subsidiis
866 2265 1077 2344 supradictis.

568 2549 596 2598 in
615 2549 676 2598 ania
694 2547 832 2613 principali

393 2689 531 2734 seuera
554 2690 739 2734 srueoocu
760 2688 955 2734 Neroneo
978 2689 1017 2732 sa

267 2783 306 2911 U
392 2792 504 2836 ιντειι
526 2791 801 2837 aventinense
827 2793 892 2836 τνΑ
919 2791 1017 2835 ivam

99 2817 140 2936 Q
392 2895 437 2936 ua
455 2892 476 2935 ι
497 2895 536 2938 nr
559 2895 620 2939 svo
641 2894 780 2939 rnortvu
800 2775 1097 2959 τεεειινιιῖΞ

645 3022 756 3084 1,.93ιιι

696 3196 713 3254 b

570 3317 598 3369 iu
617 3319 718 3384 porticu
737 3319 830 3371 intima

489 3461 670 3505 Asrsktvs
694 3463 816 3505 statvs
844 3461 911 3504 RVS

491 3563 571 3608 sict
614 3563 911 3608 Aacosmnooct
961 3577 985 3604 -t

489 3665 673 3709 manustra
696 3667 821 3708 ernost
844 3668 911 3710 sau
961 3651 991 3705 ὀ

490 3768 551 3810 uera
579 3767 703 3812 ιοιτιει
729 3768 912 3812 rassstevrr

694 4087 709 4128 0

567 4191 595 4242 in
614 4192 730 4242 conclavi
749 4191 831 4243 altero

506 4438 672 4482 ΜΕΝΤΑ
724 4437 889 4480 ΜΕΝΤΑ

508 4745 671 4788 ΜΤΑΝνΒ
712 4746 744 4798 ,R
772 4745 794 4788 0
827 4745 848 4786 Ν
882 4743 889 4784 l

646 4869 709 4932 0,76
724 4885 758 4920 m.

53 5025 67 5062 a
84 5011 157 5088 signa
177 5033 259 5092 qnae
280 5019 353 5074 sunt
375 5031 394 5071 a
414 5013 556 5074 lateribus
571 5013 741 5074 candelabri
758 5013 873 5073 sinistri
889 5011 1202 5073 clermont-Ganuesu
1218 5023 1247 5072 et
1262 5013 1366 5074 Renan

52 5113 220 5178 ccnbcerunt
243 5133 313 5176 esso
335 5123 421 5194 etrog
441 5129 471 5177 ct
490 5117 573 5176 lulab
595 5117 781 5176 ludaeorum.
808 5149 849 5160 -
877 5117 894 5174 3
917 5130 938 5171 e
960 5117 1031 5192 quid
1053 5117 1135 5174 aliud
1157 5118 1254 5194 possit
1276 5117 1366 5193 signi·

54 5210 123 5274 ficare
143 5238 175 5280 ac
191 5221 315 5299 puello,
344 5229 464 5296 egomet
483 5239 543 5280 non
564 5219 660 5280 video.
708 5217 787 5278 Nam
810 5237 972 5298 propere,
999 5219 1037 5277 de
1058 5237 1117 5295 quo
1144 5217 1273 5279 fortasse
1299 5219 1368 5294 quis

53 5317 154 5395 tepet,
179 5343 249 5384 oum
277 5323 308 5382 id
333 5322 541 5400 compendium
564 5323 684 5383 omnino
711 5341 770 5382 non
797 5323 840 5382 ita
868 5323 1009 5380 usitatum
1038 5321 1089 5394 sit,
1118 5328 1180 5379 tum
1207 5329 1286 5381 certe
1312 5321 1369 5380 hoc

118 5421 173 5484 vll
1124 5425 1144 5482 4
