3466 5926
674 1709 1011 1800 PRAEFATIO.

144 2051 304 2202 ,Primo
327 2133 478 2214 Corporis
509 2134 668 2195 volumine
700 2153 771 2194 cum
803 2133 925 2214 priscae
958 2135 1180 2216 inscriptiones
1210 2137 1338 2196 Latinae
1368 2154 1514 2216 compre-

169 2236 357 2299 hendendae
381 2245 509 2314 essent,
544 2238 755 2298 llommsenus
784 2237 853 2298 cius
883 2236 1042 2317 prodromi
1075 2238 1218 2299 instituto
1247 2257 1322 2300 sane
1345 2239 1514 2302 utilissimo

168 2349 293 2400 coactus
316 2337 449 2418 glandes
473 2357 601 2419 quoque
631 2339 800 2420 plumbeas
823 2339 935 2402 edidit.
984 2341 1073 2402 Sicut
1096 2339 1202 2402 autem
1227 2342 1259 2402 in
1283 2341 1433 2402 universo
1456 2341 1514 2406 hoc

168 2441 337 2520 prodromo
359 2461 420 2504 usu
444 2443 555 2504 venire
579 2441 740 2523 praelatus
763 2453 828 2522 est,
854 2453 972 2506 utnon
996 2445 1030 2505 in
1053 2443 1202 2506 omuibus
1225 2443 1340 2524 titulis,
1367 2445 1514 2506 maximis

170 2545 319 2622 minimis,
346 2564 402 2612 res
419 2545 531 2626 perfici
556 2557 671 2626 posset,
699 2555 853 2626 quantum
876 2565 934 2626 per
949 2565 983 2608 se
1000 2545 1133 2608 deberet
1148 2557 1244 2626 atquc
1261 2547 1367 2624 etiam,
1393 2547 1514 2608 scilicet

169 2649 196 2708 si
222 2645 253 2708 id
276 2648 423 2710 volumen
447 2668 509 2710 uon
532 2651 669 2730 primum
693 2648 750 2710 sed
774 2659 969 2729 postremum
993 2648 1145 2730 prodiret,
1173 2659 1289 2730 posset,
1317 2649 1359 2710 ita
1382 2650 1513 2711 minime

170 2761 301 2831 propter·
316 2751 448 2832 glandes
471 2752 503 2812 in
527 2762 572 2814 tot
587 2755 707 2814 muscis
723 2751 956 2833 conquirendas
971 2752 1068 2814 totius
1083 2753 1190 2832 operis
1206 2751 1375 2814 editionem
1392 2749 1513 2813 dillerri

169 2852 291 2915 debere
313 2865 562 2917 consentaneum
587 2865 666 2918 erat.
714 2857 823 2936 ltaque
846 2857 1072 2934 Mommscnus,
1105 2857 1203 2916 satius
1232 2873 1302 2916 esse
1325 2865 1412 2916 ratus
1435 2873 1516 2935 qua-

168 2955 243 3018 dam
273 2967 366 3019 tenus
394 2957 523 3038 prodire
553 2977 647 3039 quam
680 2959 762 3020 hauc
790 2967 913 3040 partem
945 2959 1071 3020 omniuo
1099 2959 1262 3039 omittere,
1301 2977 1368 3020 rem
1392 2959 1433 3019 ita
1456 2957 1515 3019 ad-

170 3061 371 3138 ministravit,
398 3072 433 3121 ut
456 3059 599 3140 glandes,
632 3079 852 3142 quaecumque
875 3072 951 3124 tunc
974 3061 1014 3122 ab
1037 3061 1108 3122 aliis
1130 3060 1235 3123 editae
1260 3061 1396 3138 luerant,
1423 3061 1514 3122 colli-

166 3172 257 3242 geret
284 3161 363 3244 (ipsc
379 3165 462 3224 enim
486 3174 552 3226 tres
574 3174 696 3227 tautum
713 3164 843 3245 glandes
858 3167 1060 3226 llonacenses
1075 3162 1313 3246 descripserat),
1339 3162 1380 3224 ad
1404 3175 1513 3226 aucto-

168 3285 222 3327 res
237 3285 310 3328 suos
334 3277 508 3344 revocaret,
535 3267 575 3329 ad
597 3269 675 3329 artis
698 3268 785 3346 leges
800 3267 953 3346 exigeret.
987 3268 1025 3328 Et
1042 3277 1127 3329 recte
1143 3266 1273 3348 quidem
1290 3267 1510 3346 MommsenuS,

167 3379 328 3449 quatenus
350 3371 478 3431 omnino
500 3372 604 3451 potuit
627 3371 681 3450 qui
707 3370 774 3432 lere
797 3369 871 3431 solis
894 3369 1083 3451 apographis
1105 3371 1217 3432 alienis
1234 3379 1391 3448 uteretur,
1418 3379 1449 3430 et
1472 3369 1512 3431 de

167 3473 343 3552 legentium
374 3472 538 3534 erroribus
566 3482 597 3534 et
625 3472 666 3533 de
695 3471 893 3535 falsariorum
919 3471 1086 3535 fraudibus
1098 3473 1117 3553 ¹)
1146 3472 1309 3550 iudicavit,
1341 3479 1425 3533 certe
1449 3489 1510 3532 non

167 3575 320 3637 iudicavit
348 3577 444 3636 nimis
479 3595 609 3657 severe,
651 3595 724 3638 nam
753 3585 889 3656 utraque
924 3577 1018 3638 etiam
1048 3576 1141 3638 latius
1170 3585 1281 3656 patere
1311 3593 1396 3636 nuuc
1425 3593 1511 3634 com-

165 3677 354 3757 probavisse
378 3679 452 3738 mihi
478 3677 598 3739 videor.
646 3677 765 3740 Eadem
795 3677 861 3741 lere
884 3681 1015 3740 materia
1044 3698 1122 3741 usus
1149 3688 1197 3739 est
1219 3677 1424 3754 llitschelius,
1458 3677 1509 3739 cui

163 3771 302 3841 ‘Priscae
332 3781 509 3842 Latinitatis
539 3782 748 3843 llonumentis
770 3771 1003 3864 Epigraphicis'
1032 3781 1184 3843 volumini
1218 3780 1321 3860 primo
1354 3778 1513 3841 adiunctis

165 3883 322 3962 imagines
345 3881 507 3962 glandium
531 3882 731 3962 ephibendae
756 3893 879 3960 essent;
912 3903 985 3946 nam
1009 3883 1177 3964 plerasque
1200 3881 1329 3960 repetiit
1351 3900 1390 3943 ex
1414 3879 1509 3943 editis

164 3984 271 4064 libris,
296 4004 413 4066 paucas
436 3984 476 4047 ad
499 3986 644 4066 exempla
667 3985 836 4066 delineata,
862 4005 943 4067 quae
966 3987 1125 4048 Brunuius
1147 3994 1180 4046 et
1201 3985 1356 4048 llarchius
1381 4003 1451 4046 cum
1475 4003 1512 4045 eo
1619 4022 1623 4030 -

165 4088 487 4149 communicaverant.
529 4088 592 4151 Sed
610 4089 690 4150 hanc
705 4099 983 4152 monumentorum
998 4091 1134 4168 speciem
1150 4089 1373 4150 accuratiorem
1390 4097 1422 4149 et
1437 4105 1511 4166 pro-

165 4192 270 4271 priam
304 4189 365 4251 sibi
399 4210 527 4272 operam
560 4210 708 4272 poscere,
755 4203 892 4273 uterque
927 4191 1012 4254 haud
1047 4191 1204 4271 ignoravit
1237 4199 1268 4251 et
1302 4193 1511 4253 Mommsenus

166 4291 288 4354 diserte
311 4293 471 4374 professus
494 4304 543 4356 est
559 4295 620 4356 vol.
639 4295 651 4355 l
667 4315 700 4376 p.
722 4295 781 4356 488
803 4294 853 4378 (cl.
873 4316 905 4377 p.
927 4297 1001 4371 l89,
1025 4294 1080 4355 ubi
1098 4293 1138 4355 de
1154 4291 1319 4354 Asculanis
1342 4293 1508 4374 loquitur).

165 4397 263 4456 llulto
287 4397 381 4456 etiam
403 4397 503 4476 magis
526 4397 681 4458 eiusmodi
712 4396 828 4460 laboris
851 4399 1024 4460 necessitas
1047 4398 1213 4477 apparuit,
1245 4405 1412 4475 postquam
1435 4395 1509 4456 inde

164 4499 208 4560 ab
230 4517 315 4560 auno
332 4499 411 4559 4874
438 4500 611 4562 immensus
634 4500 797 4580 glaudium
820 4501 1008 4581 scriptarum
1032 4519 1185 4562 uumerus
1208 4499 1356 4579 provenit
1378 4507 1409 4558 et
1433 4497 1511 4559 fides

165 4620 276 4663 earum
305 4611 391 4663 tanto
417 4601 522 4665 studio
551 4611 700 4682 tantaque
730 4603 776 4664 ira
805 4602 975 4684 disceptari
1006 4611 1115 4683 coepta
1144 4610 1203 4664 est.
1249 4602 1358 4680 ltaque
1382 4601 1438 4680 qui
1463 4602 1512 4661 in-

163 4703 396 4786 scriptionibus
419 4705 538 4768 latinis
567 4705 754 4786 colligendis
785 4706 826 4768 ab
855 4706 1014 4770 academia
1044 4705 1238 4767 Berolinensi
1269 4704 1405 4783 delegati
1436 4714 1511 4766 sunt

163 4808 391 4889 decreverunt,
417 4817 454 4871 ut
476 4807 640 4889 glandium
663 4809 770 4870 Latine
794 4810 1019 4890 inscriptarum
1043 4807 1141 4870 editio
1165 4810 1196 4870 in
1220 4808 1276 4869 hac
1300 4805 1511 4888 Ephemeride

164 4910 359 4992 publicanda
392 4921 579 4993 pararetur,
606 4913 740 4992 eiusque
763 4931 871 4974 curam
895 4913 972 4974 mihi
995 4910 1280 4974 demandaverunt.

163 5069 245 5076 ——-
252 5069 371 5076 ——-----

236 5189 259 5250 t)
291 5187 366 5238 Adde
392 5201 462 5252 quaa
481 5187 665 5240 Mommsenus
684 5188 780 5240 eodem
800 5191 922 5252 tempore
947 5187 981 5236 de
1014 5187 1064 5237 hac
1087 5201 1116 5238 re
1140 5189 1166 5237 in
1193 5187 1260 5236 Ball.
1282 5184 1339 5236 dell'
1360 5185 1422 5234 lost.
1444 5187 1510 5234 4864

163 5287 191 5341 p.
212 5277 244 5323 44
263 5274 341 5324 dixit.
