3374 5930
398 677 699 733 osssavatuoass
718 677 999 730 sarasaruroas.
1290 659 1362 732 395

46 875 120 930 rore,
146 873 208 933 qao
229 856 325 917 oratio
346 855 401 916 illa
425 856 456 916 in
479 854 581 918 Gallia
602 865 728 934 excepta
754 856 793 914 sit
820 873 856 914 eo
878 864 1011 932 tempore
1032 873 1090 932 qno
1118 857 1262 932 tepebatar
1284 861 1367 919 etiam

45 980 111 1020 111111
125 961 209 1037 opud
226 979 278 1019 aaa
301 963 392 1018 oratio
413 958 495 1035 (13);
519 978 596 1036 qnae
611 959 702 1018 verba
716 978 783 1018 cum
806 959 906 1035 inepta
928 959 1025 1018 forent
1047 959 1082 1017 de
1105 959 1172 1034 ipsa
1194 961 1367 1020 recitatione

47 1071 170 1138 accepta,
198 1082 234 1122 eo
255 1062 368 1122 ducunt
390 1063 554 1121 orationem
577 1071 646 1138 post
667 1063 870 1120 recitationem
893 1081 930 1120 ex
953 1063 1029 1120 actis
1052 1069 1174 1120 senatus
1197 1063 1227 1120 in
1249 1063 1367 1123 libellos

47 1165 214 1224 translatam
240 1173 270 1224 et
295 1165 415 1242 publice
440 1183 560 1241 quoque
583 1165 733 1242 vulgatam
760 1183 841 1238 esse,
871 1173 904 1223 ut
931 1182 990 1222 non
1018 1165 1114 1222 solum
1141 1167 1286 1236 senatori,
1314 1167 1368 1225 sed

46 1269 130 1326 enisis
153 1288 193 1327 ex
213 1268 325 1346 populo
348 1269 411 1326 eins
433 1269 519 1344 copia
541 1275 630 1340 esset,
653 1277 812 1343 antequam
835 1267 872 1326 de
894 1287 930 1326 ea
951 1267 988 1325 ad
1010 1268 1172 1326 sententias
1195 1267 1296 1340 iretur,
1319 1289 1368 1327 ne·

45 1391 96 1446 qae
120 1371 151 1428 id
179 1371 386 1448 probabilitate
409 1380 499 1430 caret.
543 1367 683 1431 Ceterum
706 1388 885 1446 quamquam
912 1371 1030 1446 proprie
1057 1379 1118 1428 tam
1147 1371 1252 1429 relatio
1278 1389 1367 1446 quam

46 1475 201 1532 sententias
228 1483 258 1532 et
285 1473 428 1550 suffragia
453 1491 513 1530 uno
535 1473 698 1549 eodemque
721 1473 769 1532 die
795 1472 976 1548 perficienda
1003 1483 1102 1544 erant,
1129 1475 1210 1532 omui
1237 1483 1368 1550 tempore

46 1585 71 1634 et
90 1577 218 1637 maxime
239 1577 297 1636 hac
318 1587 416 1636 aetate
437 1577 501 1634 fieri
523 1577 633 1652 potuit,
660 1586 694 1634 at
716 1575 752 1634 da
774 1595 806 1633 re
829 1575 931 1652 aliqua
953 1575 1014 1634 alio
1037 1576 1085 1634 die
1107 1575 1145 1634 ad
1168 1583 1301 1636 senatum
1323 1597 1367 1635 re·

48 1679 174 1750 serretur,
197 1679 256 1738 alio
279 1689 434 1738 senatores
456 1679 660 1754 censerent1).

120 1779 287 1841 Cuiusnam
321 1783 428 1841 aetatis
461 1782 515 1850 sit,
547 1799 599 1839 aes
631 1783 729 1857 ipsum
757 1782 869 1840 iudicat
901 1782 1095 1858 imperatores
1126 1782 1298 1856 nominans,
1332 1785 1369 1842 ad
1407 1789 1521 1853 Tempus

48 1903 112 1958 quos
134 1885 232 1944 oratio
254 1884 368 1944 directa
390 1891 449 1958 est,
477 1884 611 1944 Marcam
635 1884 819 1943 Antoninum
842 1895 872 1943 et
893 1882 1018 1942 Lucium
1043 1882 1246 1945 Commodum.
1290 1887 1369 1948 Nam
1409 1891 1522 1932 ⁵⁰⁰³¹¹¹⁸·

48 1983 221 2048 Commodos
243 2005 311 2046 cum
333 1988 401 2046 vivo
428 1995 512 2066 patre
539 1987 596 2045 hoc
623 1987 815 2064 praenomina
842 1987 908 2045 solo
937 2005 1010 2046 usus
1038 2005 1105 2046 essa
1134 1987 1301 2049 inveniatur
1321 2011 1369 2050 eo·
1414 1975 1522 2024 consulti

49 2089 165 2166 demque
193 2091 360 2168 appelletur
387 2092 418 2149 in
445 2091 513 2166 ipso
541 2089 587 2149 sai
615 2089 731 2166 imperii
759 2089 908 2168 principio
937 2109 1035 2166 neque
1063 2109 1245 2167 praenomen
1273 2101 1371 2170 pater·

48 2211 108 2250 nam
134 2193 295 2253 adsciverit
319 2193 378 2252 nisi
411 2193 525 2268 aliquot
558 2193 709 2251 mensibus
743 2201 813 2269 post
839 2194 934 2268 patris
961 2191 1142 2270 mortem²)‚
1176 2196 1279 2254 eodem
1308 2197 1371 2256 sine

49 2293 130 2354 dubio
156 2297 187 2354 in
213 2297 271 2356 hoc
298 2313 416 2372 quoque
444 2313 512 2353 aere
540 2303 662 2353 vocatus
691 2293 760 2365 fuit,
793 2295 880 2352 hodie
908 2295 1079 2354 oblitterato
1112 2309 1234 2374 propter
1259 2319 1371 2359 memo·

49 2399 102 2456 riae
128 2399 359 2458 damnationem.
403 2396 600 2458 Commodum
628 2416 694 2456 cnm
728 2415 780 2454 aes
813 2398 891 2472 patri
924 2397 987 2456 iure
1021 2399 1209 2476 aequiparet,
1244 2403 1370 2462 incisum

50 2499 83 2556 sit
115 2521 235 2562 necesse
272 2509 319 2560 est
353 2510 511 2579 postquam
544 2502 700 2576 Angustus
736 2499 832 2558 iactas
868 2509 925 2572 est,
969 2501 1000 2558 111
1036 2511 1081 2560 est
1117 2511 1168 2560 aut
1204 2521 1282 2563 anno
1312 2505 1370 2564 176

51 2614 167 2663 exeunte
192 2612 244 2664 ant
270 2603 460 2680 sequenti³)‚
494 2611 654 2680 antequam
681 2602 756 2660 obiit
781 2611 865 2678 pater
891 2623 918 2660 a.
945 2603 1003 2662 180
1029 2605 1118 2662 Mart.
1141 2605 1187 2664 17.
1230 2606 1288 2665 His
1316 2609 1370 2686 igi-

54 2711 92 2763 tar
111 2709 219 2766 finibus
241 2707 411 2766 continetur
432 2707 543 2776 oratio;
566 2715 664 2764 tamma
686 2723 868 2782 quamquam
891 2725 929 2763 ex
952 2705 1140 2766 adlocutione
1163 2728 1221 2766 uno
1243 2709 1310 2768 loco
1333 2711 1372 2769 ad

56 2806 236 2884 imperatores
259 2810 373 2868 directa
394 2827 582 2886 nequaquam
605 2809 739 2884 sequitur
760 2825 811 2866 eos
833 2809 948 2866 Romae
970 2817 1032 2868 tam
1054 2809 1161 2882 fuisse,
1189 2811 1297 2870 nedum
1320 2814 1370 2870 ad-

56 2908 134 2970 111111
156 2933 208 2974 eos
230 2913 377 2984 incuria,
408 2912 565 2987 probabile
587 2917 633 2970 est
654 2911 788 2968 Marcum
810 2910 847 2968 de
869 2929 904 2969 ea
930 2929 962 2969 re
984 2912 1023 2970 ad
1045 2923 1180 2972 senatum
1208 2915 1371 2986 rettulisse,

56 3011 112 3072 dam
131 3016 246 3076 Romae
269 3022 447 3086 moraretur,
474 3015 574 3090 itaqae
602 3013 895 3073 senatusconsultum
921 3014 1031 3072 factum
1053 3033 1121 3074 ease
1149 3023 1217 3076 ante
1240 3036 1371 3076 mensem

56 3113 211 3194 Angustum
234 3137 261 3176 a.
280 3117 352 3188 178,
380 3136 440 3194 qao
461 3136 528 3175 cum
549 3116 612 3176 filio
635 3115 672 3175 ad
694 3115 804 3175 bellum
829 3114 1039 3176 Germanicum
1066 3119 1218 3195 profectus
1246 3129 1293 3180 est
1312 3121 1371 3179 Ro-

58 3233 122 3278 nam
144 3222 228 3281 viras
251 3239 309 3280 non
331 3221 489 3278 rediturus.

125 3322 273 3382 Pertinuit
288 3321 578 3384 senatusconsultum
597 3321 633 3380 ad
650 3339 804 3380 munerum
826 3321 1070 3398 gladiatoriarum
1088 3335 1223 3402 sumptus
1240 3327 1372 3386 minuen-
1404 3341 1526 3406 Sumptus

57 3417 115 3494 dos,
141 3429 188 3486 cui
209 3427 253 3484 rei
275 3434 304 3484 et
325 3425 378 3484 alii
401 3425 597 3502 imperatores
619 3423 699 3500 iique
721 3425 825 3500 optimi
847 3425 973 3500 quique,
1003 3425 1117 3484 scilicet
1139 3427 1320 3505 Tiberius⁴)
1344 3439 1374 3489 et
1405 3434 1532 3498 gladiato-

58 3519 117 3586 Pius
133 3529 340 3604 Antoninusi)
364 3546 485 3606 operam
508 3526 651 3585 dederant
673 3537 702 3585 et
723 3545 844 3602 operam
867 3526 984 3585 dedisse
1002 3528 1135 3588 Marcum
1157 3549 1276 3608 quoque
1297 3551 1373 3610 qaae
1420 3529 1515 3577 riorum

58 3627 130 3688 nobis
156 3632 192 3689 de
218 3651 255 3689 eo
281 3631 414 3708 suppetit
439 3629 582 3688 memoria
607 3630 677 3688 licet
704 3631 802 3688 tenuis
829 3649 890 3688 non
917 3629 1084 3706 reticuitt).
1128 3631 1198 3692 Non
1226 3637 1291 3692 sine
1318 3636 1372 3694 ali·
1402 3635 1535 3670 munerum

57 3744 105 3801 qua
124 3733 297 3793 difficaltate
317 3733 349 3791 id
371 3751 437 3791 enm
458 3731 620 3808 perfecisse
642 3732 738 3790 oratio
760 3731 921 3807 significat,
953 3732 1067 3791 scilicet
1087 3734 1183 3793 fuisse
1206 3737 1236 3794 in
1259 3749 1373 3808 senata,
1406 3714 1533 3764 inminuti

59 3833 99 3904 qai
119 3837 345 3895 exhortarentur
367 3855 434 3894 eum
450 3842 551 3892 vetera
572 3833 710 3893 instituta
731 3847 760 3893 et
781 3835 931 3911 prioribus
953 3835 1079 3910 probata
1101 3857 1138 3895 ne
1160 3847 1297 3912 mutaret,
1321 3843 1374 3899 sed

58 3937 251 4004 persistentem
273 3957 340 3997 eam
362 3937 393 3996 in
415 3936 570 4013 proposito
592 3936 680 3995 ludos
702 3938 870 3996 coercuisse
891 3939 949 3996 sibi
968 3937 1123 4015 invisosl)
1146 3939 1301 4019 (941111).
1338 3944 1375 4002 Id

59 4043 191 4108 quomodo
212 4041 326 4114 iecerit,
348 4058 427 4099 nunc
449 4039 566 4098 demum
589 4039 780 4116 aliquatenus
802 4057 841 4097 ex
863 4039 919 4098 hac
941 4041 1077 4100 oratione
1099 4041 1286 4120 intellegitur.

62 4135 248 4154 Ἃ*

124 4181 144 4244 ¹)
174 4180 332 4234 Sraamectt
351 4183 376 4246 3,
390 4181 443 4233 919
464 4180 495 4231 ci.
515 4196 541 4246 p.
556 4177 618 4231 979.

122 4273 144 4338 1)
171 4275 387 4338 aetherales.
420 4273 513 4325 Nullus
533 4273 700 4338 quodetiam
718 4287 838 4323 nummus
858 4272 979 4322 titulasse
999 4273 1083 4324 medio
1104 4287 1171 4326 auno
1189 4279 1240 4327 180
1260 4279 1374 4330 anterior

60 4359 129 4418 llarei
146 4369 314 4434 praenomina
334 4367 506 4418 Commodum
526 4365 646 4430 appellat.

123 4457 144 4522 Ι)
173 4459 332 4512 Staatarecbt
351 4463 377 4522 2,
393 4461 442 4510 801
466 4460 532 4510 119.

124 4551 146 4615 ⁴)
174 4553 315 4607 Suetonius
333 4552 394 4604 Tib.
409 4553 457 4603 34:
483 4549 596 4602 Indorum
616 4567 646 4600 ac
664 4565 787 4600 mannam
812 4551 936 4618 impensas
960 4553 1084 4619 conspicit
1107 4553 1260 4604 nte-raedibaa
1278 4559 1373 4606 scaeni-

62 4653 130 4695 ttram
146 4647 235 4698 recisis
247 4643 405 4714 paribusque
422 4643 595 4713 placitator-am
614 4641 649 4693 ad
668 4649 760 4693 certam
778 4659 902 4694 numerum
921 4643 1038 4694 redactis.

123 4737 145 4800 ⁶)
172 4741 234 4790 Vita
252 4739 294 4790 Pii
316 4740 359 4801 12,
380 4739 409 4789 3:
434 4744 553 4805 sumptum
571 4734 711 4786 mannahun
733 4735 901 4802 pladiators'is
925 4738 1034 4788 instituit
1059 4739 1188 4799 (imminuit
1207 4741 1374 4804 Hirschfeld).

63 4823 87 4874 ln
106 4831 173 4882 titulo
191 4831 340 4883 Pollentiae
361 4831 390 4882 C.
404 4832 438 4893 V,
455 4831 523 4880 7697
544 4831 639 4894 scripto
663 4829 709 4878 sub
729 4827 778 4878 Pio
803 4845 895 4879 manus
919 4831 1104 4894 gladiatorium
1128 4832 1251 4882 tundatur
1276 4835 1377 4886 adiecta

63 4923 145 4974 cautela
163 4921 219 4974 dam
243 4939 287 4985 ea,
314 4939 377 4991 quae
402 4921 498 4990 tepidas
519 4919 634 4990 plebisve
659 4921 730 4971 scitia
755 4929 901 4989 senatusque
921 4924 1041 4974 consultis
1061 4931 1136 4974 cauta
1155 4925 1377 4995 comprehensaque

65 5021 109 5062 atat
125 5023 259 5068 amentur.

125 5108 148 5170 ⁶)
172 5111 234 5162 vita
246 5109 329 5160 Marci
345 5111 388 5171 11,
402 5109 432 5159 4:
451 5106 612 5174 placitatoria
631 5106 777 5174 spectacula
796 5107 955 5174 omnifariam
975 5110 1120 5176 conparavit
1139 5117 1163 5160 et
1181 5113 1209 5162 111
1229 5115 1377 5164 narratione

65 5192 140 5252 iterata
159 5203 201 5262 17,
217 5203 247 5253 61
272 5199 426 5267 pladiatorii
443 5201 551 5250 munais
570 5207 680 5267 sumptas
698 5197 794 5249 1111111111
807 5201 880 5266 fecit.

127 5289 148 5354 1)
175 5295 308 5356 Marcam,
332 5295 416 5360 qualis
439 5299 508 5354 erat,
532 5293 564 5342 ab
583 5292 654 5342 hisce
673 5292 740 5342 ludis
760 5293 923 5343 abhorruisse
942 5301 1141 5345 consentaneam
1162 5303 1200 5347 est
1220 5297 1263 5358 (cf.
1283 5313 1376 5349 comm.

67 5375 138 5440 ⁶2⁴6:
161 5371 241 5457 ὅπερ
261 5379 432 5455 προσίσταταί
455 5401 497 5436 σοι
514 5373 547 5436 rai
566 5381 590 5436 ir
609 5374 774 5454 οἱμψιθιᾶτρῳ
801 5381 842 5434 sal
863 5388 917 5443 τοῖς
939 5374 1061 5444 τοιούτοις
1085 5381 1205 5459 χωρίοις,
1234 5381 1264 5448 ὧς
1288 5381 1328 5438 sisi
1346 5377 1377 5440 rai
