3402 5932
351 671 425 742 874
878 690 1151 743 nnnrrnusnun

349 864 401 924 sed
428 865 557 937 erudita,
591 865 702 926 tabulis
730 865 850 943 optimis
878 875 999 936 ornata,
1030 863 1173 942 singulari
1203 863 1357 942 diligentia
1384 865 1511 922 condita.
1553 863 1648 921 Errores

347 969 502 1044 exagitare
528 967 609 1026 nolui
637 967 765 1027 hominis
787 967 837 1044 qui
862 969 952 1026 vitam
981 976 1011 1025 et
1032 966 1233 1026 valetudinem
1262 967 1304 1026 rei
1327 966 1534 1045 epigraphicae
1555 965 1646 1023 dederit

346 1068 453 1146 Neque
473 1071 547 1130 mihi
569 1071 801 1130 obliviscendum
824 1081 871 1130 est
898 1091 945 1129 me
967 1087 1085 1146 quoque
1106 1087 1196 1130 anses
1219 1069 1258 1127 ad
1285 1068 1557 1146 reprehendendum
1577 1067 1601 1126 in
1617 1068 1647 1125 lis

346 1173 421 1232 meis
445 1172 583 1233 daturum
605 1189 682 1234 esse.

388 1275 508 1336 Titulos
541 1293 617 1353 quos
654 1276 788 1335 noverim
825 1276 922 1354 recepi
955 1293 1073 1346 omnes,
1117 1276 1177 1334 nisi
1211 1274 1291 1352 quod
1327 1273 1496 1353 fragmenta
1526 1291 1576 1333 sex
1603 1291 1647 1349 sep·

346 1387 456 1453 tamve,
485 1397 610 1454 quorum
637 1379 674 1438 de
700 1379 826 1438 lectione
852 1398 911 1438 non
938 1378 1012 1437 eatis
1039 1378 1208 1450 constabat,
1237 1377 1340 1448 omisi,
1367 1378 1436 1436 item
1465 1376 1647 1454 supellectilem

346 1489 511 1542 cretaceum
534 1500 662 1541 omnem.
707 1479 827 1558 Quippe
849 1481 970 1540 nomina
991 1481 1123 1540 vasculis
1151 1481 1295 1557 inscripta
1322 1499 1418 1556 neque
1440 1479 1572 1538 volebam
1591 1478 1648 1536 colli·

345 1603 424 1661 gere,
452 1602 506 1644 nec
530 1585 555 1642 si
577 1584 753 1657 voluissem,
776 1585 950 1661 potuissem.
988 1583 1022 1640 ln
1046 1583 1234 1642 recensendis
1258 1583 1385 1660 singulis
1407 1600 1518 1660 pravas
1540 1581 1648 1638 lectiones

345 1687 571 1746 coniecturasve
600 1687 732 1764 priorum
759 1695 789 1744 et
814 1687 936 1745 omnino
959 1686 1082 1746 minoris
1105 1686 1246 1744 momenti
1271 1685 1475 1744 additamenta
1497 1685 1584 1744 multa
1601 1701 1647 1756 aup-

345 1791 453 1866 pressi.

387 1893 501 1950 Amicis
524 1891 651 1969 denique
674 1903 704 1951 et
719 1892 792 1951 viris
807 1891 904 1950 doctis
928 1892 978 1968 qui
1001 1891 1087 1950 multi
1110 1910 1156 1948 me
1178 1889 1356 1949 adiuverunt
1377 1890 1492 1968 gratias
1512 1907 1567 1966 ago
1581 1887 1647 1946 maxi·

345 2013 420 2067 mas,
442 1995 467 2052 I.
484 1993 518 2054 G.
535 1994 641 2066 Bruce,
663 1994 720 2052 Th.
737 1993 889 2070 Hodglrin,
912 1995 948 2052 R.
966 1989 1060 2065 Blair,
1081 1993 1118 2050 R.
1136 1991 1167 2053 S.
1184 1992 1353 2070 Ferguson,
1377 1992 1400 2051 Ι.
1418 1991 1546 2070 Clayton
1562 1991 1647 2050 Britan·

345 2097 392 2156 nis
415 2097 708 2174 septentrionalibus,
731 2096 755 2154 1.
771 2096 867 2154 Raine
889 2095 1087 2168 Eburacensi,
1110 2095 1206 2154 A.W.
1223 2093 1354 2166 Franks,
1376 2097 1414 2154 A.
1430 2095 1472 2154 H.
1490 2093 1581 2156 Smith
1595 2090 1646 2149 Lou-

346 2199 543 2272 diniensibus,
566 2197 599 2259 C.
616 2199 654 2258 R.
671 2197 769 2259 Smitlr
790 2197 909 2272 Cautio,
932 2201 968 2256 A.
985 2199 1010 2256 Ι.
1027 2198 1130 2256 Evans
1146 2195 1325 2256 Oxoniensi.
1360 2197 1503 2256 Maximis
1525 2215 1569 2256 me
1588 2195 1645 2252 bene·

344 2301 420 2360 ficiis
448 2301 645 2361 devinxerunt
666 2301 778 2372 Bruce,
806 2300 901 2374 Blair,
930 2299 1074 2378 Olayton,
1102 2301 1173 2359 dum
1201 2301 1304 2359 titulos
1332 2319 1386 2378 per
1407 2300 1518 2360 lineam
1539 2298 1600 2356 valli
1619 2315 1646 2352 re·

343 2411 445 2481 pertus
477 2422 633 2482 compono.
690 2403 723 2462 lu
755 2403 945 2463 recensendis
979 2402 1073 2462 titulis
1111 2403 1239 2482 benigne
1272 2422 1318 2462 me
1355 2402 1472 2462 adiuvit
1503 2400 1646 2462 Theodorus

344 2505 522 2566 Mommsen.

386 2714 535 2772 Auctores
559 2730 614 2773 suo
637 2729 782 2791 quemque
804 2712 871 2771 loco
893 2710 1027 2772 laudari:
1054 2713 1106 2789 qui
1129 2712 1283 2790 graviores
1305 2713 1363 2772 visi
1386 2723 1469 2786 sunt,
1491 2715 1646 2772 recensentur

345 2815 394 2875 hic
415 2817 553 2876 breviter.

386 2919 506 2978 Titulos
530 2937 583 2996 per
606 2919 775 2978 universam
798 2917 984 2976 Britanniam
1007 2927 1143 2995 repertos
1166 2919 1321 2978 ediderunt

428 3021 477 3080 W.
493 3021 672 3098 Thompson
687 3023 826 3080 wnrnn
849 3021 956 3078 annuis
980 3021 1192 3096 supplementis
1215 3021 1336 3080 insertis
1357 3021 1540 3098 ephemeridi
1562 3020 1586 3078 t
1573 3017 1644 3076 etr

497 3123 830 3201 claeolope'caldournul
851 3121 1001 3198 (London.
1019 3123 1047 3181 8.
1065 3123 1123 3182 vol.
1135 3121 1421 3198 xxxvl-XLV,
1445 3144 1475 3183 a.
1493 3122 1602 3181 1879-
1606 3117 1645 3190 88)

498 3225 582 3286 Obiit
602 3227 654 3286 ille
675 3247 702 3286 a.
719 3226 746 3284 d.
763 3225 794 3284 X
816 3225 876 3284 kal.
894 3229 968 3304 Apr.
992 3225 1127 3285 a1880.
1162 3222 1377 3301 Supplementa
1399 3245 1457 3303 pro
1481 3223 1611 3286 viribus
1606 3235 1646 3297 ipit

498 3329 686 3388 continuabo.

428 3427 597 3508 Scriptores
621 3431 696 3490 varii
722 3431 753 3490 iu
780 3431 823 3490 tlte
845 3430 1032 3507 Proceedinpe
1061 3432 1095 3506 ⁰s
1116 3432 1159 3490 tle
1181 3429 1292 3508 Society
1315 3431 1350 3506 of
1367 3429 1557 3508 AntiquorIea
1583 3427 1647 3505 (non-

498 3531 1116 3609 dous1879-89.v01.1v-xlv).
1665 3547 1666 3564 ¹

388 3634 447 3710 Qui
470 3645 636 3710 sequuntur
658 3644 772 3711 partem
796 3643 910 3694 tantum
933 3635 1107 3694 Britanniae
1130 3635 1299 3713 attigerunt.

425 3738 450 3796 I.
468 3736 505 3796 Ο.
517 3737 724 3810 Wssrwooo,
748 3737 944 3813 LopIdarIum
958 3737 1092 3807 Walliue,
1116 3737 1160 3794 tle
1174 3738 1255 3814 eorlp
1269 3739 1413 3797 inscribed
1434 3742 1498 3798 and
1518 3729 1648 3813 sculptori

497 3849 591 3900 etonea
613 3842 647 3914 os
665 3840 760 3900 Wolea
785 3839 929 3916 (Oxford.
954 3841 982 3897 4.
1009 3839 1280 3914 1876-79)cum
1304 3839 1413 3899 tabulis
1435 3841 1581 3917 plurimis.

427 3942 856 4015 Th.Ws1olsT,‚Uricoaiuru,
885 3959 923 3998 on
946 3941 1094 4001 historical
1116 3951 1236 4001 account
1258 3945 1292 4018 of
1309 3942 1353 4001 tlte
1374 3945 1488 4002 cariem
1510 3947 1562 4020 city
1582 3937 1648 4016 (Lou-

496 4044 565 4103 don.
589 4045 618 4103 8.
644 4043 745 4121 1872).

428 4147 475 4206 W.
491 4145 528 4205 T.
542 4147 688 4220 Wnrmn,
710 4147 822 4206 Roman
838 4147 971 4206 Cleelire
990 4167 1022 4206 or
1036 4167 1056 4204 a
1071 4149 1245 4224 description
1260 4148 1295 4223 os
1305 4147 1417 4206 Roman
1438 4151 1561 4206 remoina
1580 4149 1605 4202 ii
1621 4139 1648 4197 tlr

498 4259 598 4324 count)
620 4251 655 4325 of
675 4249 790 4308 Clester
812 4249 997 4326 (Liverpool.
1022 4253 1049 4308 4.
1077 4249 1180 4326 1886).

427 4351 450 4408 1.
466 4351 501 4409 P.
517 4350 711 4424 Ennwansn,
734 4353 837 4410 Recent
860 4355 1029 4411 discoperies
1049 4353 1084 4427 os
1094 4351 1204 4409 Roman
1225 4355 1349 4411 remotas
1363 4354 1460 4429 found
1479 4357 1510 4411 in
1531 4349 1648 4429 repatriat

498 4453 541 4512 tle
562 4453 655 4512 Nortlz
676 4454 746 4512 wall
771 4457 805 4531 of
823 4455 938 4515 Cleater
960 4455 1172 4530 (Manehester.
1196 4454 1225 4514 8.
1251 4453 1355 4531 1888).

428 4555 476 4612 W.
493 4553 530 4613 T.
547 4556 684 4614 Wnrmu
707 4557 817 4615 Roman
832 4555 1011 4616 Luncoalire
1032 4575 1066 4614 or
1087 4577 1107 4614 a
1128 4557 1299 4634 description
1321 4559 1354 4633 of
1371 4557 1483 4617 Roman
1505 4559 1614 4618 roseico
1632 4551 1664 4628 tl,

498 4657 542 4716 tire
564 4668 664 4736 countp
686 4661 720 4735 of
737 4657 900 4719 Loncaeter
922 4657 1108 4737 (Lirerpool.
1132 4659 1160 4716 4.
1186 4658 1290 4734 1883).
1663 4639 1664 4669 r

427 4759 451 4818 1.
469 4756 503 4820 G.
518 4759 638 4832 ancn,
665 4761 725 4820 Tle
740 4761 903 4821 Hondboolc
924 4773 951 4822 to
974 4763 1018 4822 tle
1032 4763 1144 4821 Roman
1162 4759 1243 4818 Woll
1264 4759 1451 4836 (Newcastle
1473 4781 1511 4821 on
1526 4762 1612 4840 Tyne.
1630 4751 1647 4810 8·

498 4861 543 4920 ed.
560 4862 589 4922 3.
620 4861 724 4940 1885).

427 4965 451 5022 I.
475 4962 509 5024 O.
531 4963 655 5040 anca,
682 4965 719 5023 R.
743 4965 845 5026 Bunrn
871 4968 973 5026 etalii
996 4969 1026 5026 in
1049 4967 1262 5044 Arclceolopia
1284 4965 1409 5026 Aeliana
1430 4963 1606 5042 (Newcastle
1623 4973 1663 5014 or,

497 5067 592 5143 Tyne.
628 5067 655 5126 8.
691 5069 802 5128 voli(
827 5069 920 5142 1885,
948 5071 1007 5130 rol.
1028 5070 1076 5130 XI
1106 5067 1199 5144 1886,
1227 5069 1286 5128 vol.
1307 5068 1371 5128 XII
1398 5068 1492 5142 1887,
1519 5049 1663 5127 volxssb

499 5169 667 5247 1888—9)
697 5179 727 5230 et
751 5171 942 5250 Praecedinpa
970 5173 1004 5248 os
1029 5173 1074 5230 tle
1103 5171 1265 5232 Netucaatle
1292 5171 1404 5248 Society
1433 5173 1468 5248 os
1488 5165 1647 5246 nusquarr

497 5269 612 5349 (South
640 5270 769 5334 Shields.
804 5273 832 5334 8.
869 5274 926 5334 vol.
950 5275 980 5334 11
1010 5273 1175 5348 1885-6,
1204 5275 1264 5335 vol.
1286 5273 1332 5332 lll
1364 5273 1522 5348 1887-8,
1552 5257 1647 5332 rotll'

498 5373 605 5454 1889).
