3392 5928
84 623 151 673 esee
334 621 452 676 rnov.
480 625 740 676 uuuournuuu.
794 625 900 676 ruov.
928 626 1134 678 nuzueuus.
1383 608 1403 677 9

85 794 123 852 tr
143 798 170 854 iu
194 799 259 860 basi
286 799 354 858 alta
384 820 426 860 m.
447 801 533 876 0,45‚
559 800 621 858 lota
641 799 728 873 0,80‚
756 798 868 858 effossa
890 799 937 860 Bu
957 797 1063 860 Ghbru
1087 801 1119 860 in
1144 801 1203 860 fori
1223 809 1308 880 perte
1330 801 1408 861 ooni-

116 898 223 958 deutali.

566 1000 708 1044 orrruo
741 1003 915 1047 persono

547 1088 724 1147 Ssuvsrvs
751 1103 937 1150 rusearou

550 1205 700 1250 assume
737 1273 742 1282 Ι
767 1207 862 1251 ΗΕΙΤ
964 1241 967 1246 .

83 1347 204 1422 Danjean
224 1347 287 1424 (uel
306 1347 449 1426 Faunae)
473 1349 543 1408 tull.
561 1349 685 1426 d'Hipp.
703 1348 768 1408 XX
790 1369 819 1426 p.
836 1351 854 1410 5
877 1369 905 1408 n.
922 1349 939 1406 4
946 1371 954 1423 ;
977 1351 1111 1410 Reinacb
1129 1357 1159 1409 et
1178 1351 1314 1410 Bubelon
1337 1351 1407 1410 holt.

82 1449 220 1508 ducomitd
239 1469 266 1508 a
287 1451 375 1511 1886
399 1470 429 1527 p.
444 1451 494 1510 47.

117 1553 175 1610 liu.
196 1568 313 1614 orrmo
337 1553 492 1628 Danjeau.
521 1587 558 1598 -
587 1553 657 1613 iio.
681 1553 760 1613 idem
783 1569 939 1628 sravrrvs3
968 1557 1040 1614 mihi
1063 1553 1249 1617 Servaeanao
1276 1555 1409 1616 familiae

80 1652 202 1712 libertum
222 1656 443 1715 nobilissimae
464 1657 542 1715 iuter
558 1655 740 1734 Gigthenses
762 1665 866 1734 totque
888 1659 984 1717 titulis
999 1659 1166 1717 celebratae
1182 1659 1231 1717 bie
1245 1675 1408 1735 agnoscen-

82 1756 139 1814 dum
159 1775 224 1816 esse
245 1759 414 1835 probabile
435 1759 565 1832 videtur,
594 1778 774 1837 quemquam
796 1761 983 1839 cognominis
1006 1759 1086 1837 qnod
1112 1769 1157 1820 est
1178 1762 1308 1820 Interior
1334 1761 1408 1820 alte·

81 1877 136 1916 rum
160 1860 333 1937 exemplum
363 1861 439 1920 mihi
463 1879 522 1920 non
547 1871 668 1939 praesto
694 1871 750 1922 est.
801 1862 958 1938 [Fortasse
981 1861 1118 1922 Seruatus
1146 1865 1279 1939 insertor3
1307 1864 1408 1941 possis

82 1961 145 2019 odeo
164 1961 297 2038 cogitare
324 1963 366 2021 de
388 1965 548 2036 insertum,
575 1965 690 2024 seilicet
711 1965 825 2024 vitium.
863 1964 923 2024 Tu.
939 1965 993 2041 Μ.]
1021 1997 1060 2007 -
1088 1965 1105 2023 3
1135 1983 1201 2022 cum
1223 1964 1357 2024 Reiuach
1379 1974 1409 2022 et

81 2061 201 2123 Bnbelon
226 2064 380 2125 adnotent
401 2065 489 2126 huius
515 2083 620 2126 versus
645 2067 760 2126 litteras
789 2067 864 2126 odeo
892 2075 1047 2142 corruptas
1075 2084 1157 2138 esee,
1190 2075 1223 2125 ut
1250 2067 1281 2125 in
1310 2067 1410 2142 lapide

81 2165 161 2225 fuisse
184 2167 313 2227 basidem
334 2170 413 2244 serit
437 2179 518 2228 nerto
546 2169 649 2247 negoti
675 2177 819 2245 nequeat,
846 2179 965 2246 egomet
989 2169 1019 2228 id
1047 2187 1102 2245 pro
1128 2175 1209 2228 certo
1239 2169 1407 2240 habuerim3

82 2266 204 2344 Danjeun
226 2285 348 2329 esserra
369 2287 460 2331 victu.
482 2304 522 2314 —
546 2269 684 2332 Ceterum
706 2271 784 2330 tituli
806 2290 876 2348 pare
899 2271 1036 2351 superior
1057 2273 1088 2330 iu
1110 2271 1205 2330 altero
1228 2271 1329 2348 lapide
1350 2271 1408 2330 for·

84 2381 150 2430 tasse
170 2373 265 2432 incisa
286 2373 390 2432 adhue
411 2373 517 2433 definit

159 2717 229 2777 XII.
273 2717 437 2780 INSVLA
459 2719 644 2793 MENINX,
667 2729 773 2798 postea
794 2719 926 2780 GIRBA
950 2719 1073 2796 (Djerba
1095 2717 1130 2780 C.
1147 2741 1182 2798 -ρ,
1200 2721 1227 2780 9.
1245 2719 1320 2793 9223

550 2824 618 2902 eph.
641 2821 778 2901 epigr.V
801 2842 830 2899 p.
848 2822 933 2899 566).

86 3001 125 3063 tt
144 3006 180 3065 ad
200 3009 268 3086 eph.
285 3007 425 3086 epigr.V
439 3029 467 3068 n.
483 3009 572 3069 1318.
615 3008 684 3068 Non
707 3025 874 3082 usercam,
896 3018 928 3069 ut
949 3029 1050 3070 errore
1071 3010 1160 3081 edidi,
1184 3009 1237 3070 sed
1261 3025 1408 3070 tsrtcurvs

121 3107 189 3182 (ie.
212 3109 367 3188 spicatas)
395 3119 442 3172 eat
462 3112 493 3170 iu
514 3129 618 3172 museo
639 3113 706 3185 illo,
733 3113 813 3190 quod
836 3131 943 3172 nomen
969 3113 1043 3172 bene
1071 3113 1199 3191 quadrat
1224 3113 1263 3172 ad
1290 3131 1408 3191 equum,

121 3211 216 3288 quales
237 3213 288 3274 bio
311 3213 502 3289 exhibentur,
524 3215 618 3275 erista
637 3215 668 3273 iu
690 3215 787 3294 eapite
809 3221 956 3275 ornatum.

474 4053 652 4206 'runs
693 4119 986 4206 suerunt.

453 4343 727 4422 rnouruon
759 4344 1035 4422 euzuonuu.

279 4570 320 4632 v.
366 4569 649 4634 svnuucruvu
672 4573 743 4649 (ur.
767 4572 923 4643 sarram,⁸
955 4571 989 4632 c.
1009 4593 1039 4650 p.
1058 4573 1104 4631 13.
1121 4571 1207 4649 924).

623 4751 741 4805 ARSCH
760 4751 867 4804 zulte.

128 4891 157 4949 ln
179 4893 243 4956 loeo
270 4914 301 4972 q.
325 4896 478 4955 d.·Areob
501 4896 581 4956 Zara
607 4917 625 4956 a
652 4897 794 4974 Mehdiye
818 4897 869 4971 18,
904 4897 942 4956 ab
969 4895 1023 4954 Hr.
1047 4893 1186 4956 Sallekta
1213 4896 1315 4954 diere
1342 4893 1411 4955 ebil.

96 4995 229 5056 meridiem
255 5016 364 5058 versus
387 4997 490 5058 Cre'tiu
516 5009 546 5057 et
567 4999 725 5058 Texereeu
749 4998 831 5058 Gaui
856 5001 1033 5058 invenerunt
1062 4997 1235 5073 necropolin
1263 4998 1414 5056 subterro-

97 5111 182 5170 ueam,
206 5099 242 5160 de
265 5119 329 5178 qna
349 5101 424 5160 baec
445 5101 610 5160 retulerunt
633 5101 898 5161 Delablaueberioz
929 5101 1004 5161 Cotto
1025 5099 1172 5176 necropola
1192 5110 1234 5160 est
1254 5119 1287 5158 en
1315 5099 1416 5157 rdalttd

98 5213 143 5255 voe
163 5203 325 5262 catacumba.
380 5201 559 5262 L’eneemble
585 5213 626 5264 eet
654 5207 688 5264 de
708 5207 803 5282 forme
829 5205 987 5280 animique,
1015 5202 1131 5262 termina
1151 5220 1212 5278 par
1238 5221 1292 5260 une
1320 5203 1415 5276 espdoe

100 5297 214 5364 d'ubtide
234 5315 261 5365 et
283 5324 313 5366 ae
336 5317 502 5384 compotum
521 5307 555 5366 de
577 5317 677 5382 quatre
697 5306 820 5384 ualerios
838 5307 999 5384 paralleloe
1021 5323 1060 5364 au
1080 5305 1180 5382 urard
1199 5323 1266 5376 oue,
1295 5303 1362 5361 dont
1385 5301 1415 5361 la
