3374 5930
328 685 509 740 uouusnn
529 685 831 740 onsnnvsrronns
851 685 1135 740 snnnrrnrcnn.
1322 661 1393 742 389

62 877 113 918 sen
142 861 303 920 trecenties
326 857 331 940 Ι
355 871 415 934 est3
446 863 521 920 satis
547 861 678 938 emplum
706 861 942 940 petr[imo]nium
972 863 1097 940 imperio
1124 870 1211 942 parat
1237 863 1312 941 [lJex
1382 882 1395 924 s

60 965 246 1038 parsimonia
267 975 378 1024 vestra.
424 961 617 1038 Quinetiam
646 984 683 1023 ex
711 965 835 1042 reliquis
862 965 1053 1038 lanistarum,
1081 985 1159 1042 quae
1186 966 1311 1042 (sester-

61 1065 146 1142 tium)
170 1067 361 1144 quingenties
383 1065 485 1146 sulprs
507 1077 586 1138 sunt,
611 1085 680 1142 pers
703 1067 821 1127 lanistis
844 1069 1037 1128 condonetur.
1076 1068 1124 1127 Ob
1146 1087 1232 1145 quse,
1255 1087 1309 1128 oro
1367 1087 1393 1128 ιο

60 1186 121 1238 ros,
143 1168 272 1228 merita?
305 1168 505 1241 Nullamne,
528 1170 674 1246 inquiunt,
697 1171 812 1242 merita,
836 1179 880 1229 set
903 1172 1044 1246 prohibiti
1060 1171 1168 1230 talibus
1187 1189 1308 1248 grassa·

59 1272 130 1329 turis
154 1272 309 1349 solalcium
331 1273 429 1332 ferent
454 1279 485 1331 et
510 1273 540 1330 in
567 1281 718 1349 posterum
748 1281 831 1332 tento
859 1275 955 1348 pretio
978 1273 1139 1333 invitentur
1161 1274 1198 1332 ed
1220 1293 1307 1350 opse·
1366 1293 1391 1334 at

57 1375 156 1448 quium
181 1375 384 1434 humanitatis.

140 1474 144 1554 Ι
164 1475 195 1536 Ο
212 1479 311 1556 magni
327 1479 429 1556 impp,
452 1479 503 1554 qui
519 1479 602 1538 scitis
617 1477 707 1536 ultius
722 1477 840 1535 fundari
860 1479 1001 1550 remedie,
1024 1498 1100 1556 quae
1116 1480 1203 1538 etiem
1220 1481 1307 1540 malis
1364 1497 1390 1540 rt

58 1581 231 1652 consulunt,
254 1581 357 1657 quise
379 1581 469 1640 etiam
491 1580 679 1639 necessarios
701 1579 837 1638 iecerint!
874 1581 988 1640 Etiam
1005 1583 1307 1661 fructustanlteeve-
1364 1601 1388 1642 rt

58 1691 133 1742 strae
171 1683 376 1760 providentius
403 1694 542 1762 emerget.
586 1682 758 1762 Legebatur
784 1683 873 1740 etiam
900 1703 977 1742 nunc
1004 1686 1082 1762 apud
1111 1703 1166 1744 nos
1192 1687 1303 1746 oratio:

56 1786 104 1842 sed
127 1785 182 1844 ubi
206 1805 322 1846 rumore
338 1785 480 1862 delatu[m
497 1785 555 1862 e]st
570 1794 694 1861 questus
713 1785 888 1845 lanistarum
911 1787 1035 1858 recisos,
1057 1785 1170 1867 fislcum
1187 1808 1303 1848 omnem
1362 1807 1387 1848 ιι

55 1889 132 1946 illam
156 1889 315 1966 pecuniam
338 1889 423 1966 quasi
447 1889 678 1947 contaminatam
701 1887 865 1964 reliquisse,
889 1889 987 1948 statim
1005 1891 1178 1950 sacerdotes
1193 1891 1302 1950 fidelis·
1393 1915 1396 1920 ·

54 1993 197 2050 simarum
221 1991 388 2051 Galliarum
412 1999 577 2050 vestrarum
602 1991 606 2067 Ι
630 2009 818 2061 concursare,
840 1991 979 2068 gaudere,
1002 1994 1079 2051 inter
1102 2012 1134 2050 se
1155 1994 1249 2068 loqui.
1360 2011 1385 2054 rs

135 2096 139 2170 Ι
164 2095 244 2154 Erat
265 2095 384 2171 aliquis,
406 2095 456 2170 qui
471 2093 680 2172 deploraverat
701 2093 836 2152 fortunas
859 2111 930 2152 suos
946 2101 1062 2153 creatus
1078 2095 1229 2168 sacerdos,
1251 2098 1302 2173 qui
1359 2116 1385 2156 rs

55 2197 198 2256 auxilinm
219 2198 277 2256 sibi
299 2198 329 2255 in
353 2197 563 2273 provocatione
585 2197 621 2254 ad
645 2197 795 2273 principes
818 2195 898 2254 facta
911 2197 1113 2256 constituerat.
1149 2195 1208 2257 Sed
1225 2201 1229 2276 Ι
1247 2199 1301 2258 ibi·
1359 2219 1384 2258 n

55 2299 115 2357 dem
138 2301 208 2377 ipse
230 2301 344 2377 primus
367 2309 396 2357 et
418 2299 454 2357 de
477 2299 604 2358 consilio
626 2299 801 2356 amicorum:
823 2293 906 2375 ‘quid
932 2301 1004 2357 mihi
1031 2301 1088 2358 iam
1111 2319 1175 2359 oum
1198 2302 1299 2379 appel-

51 2397 191 2460 latione?
235 2401 332 2462 Omne
356 2420 446 2474 onus,
474 2401 553 2478 quod
580 2401 789 2478 patrimonium
814 2419 910 2458 meum
933 2401 1134 2477 opprimebat,
1164 2399 1299 2484 sancitis·
1356 2423 1381 2464 re

53 2501 128 2563 'simi
151 2507 245 2582 impp.
263 2505 454 2576 remiserunt;
476 2505 535 2563 iem
552 2505 691 2562 sacerdos
707 2521 775 2562 esse
797 2511 826 2560 et
841 2503 928 2580 cupio
951 2511 981 2562 et
996 2511 1067 2580 opto
1089 2517 1118 2564 et
1136 2506 1297 2566 editionem

53 2602 203 2680 muneris,
226 2627 314 2684 quem
338 2608 407 2666 olim
431 2607 661 2679 detestabamur‚
684 2599 866 2683 amplector?

132 2712 136 2786 Ι
162 2711 268 2787 Itaque
290 2711 403 2786 gratiae
418 2709 628 2786 appellationis
650 2727 708 2766 non
732 2709 829 2767 solum
851 2709 966 2780 abillo,
990 2727 1089 2766 verum
1114 2719 1143 2768 et
1158 2731 1177 2769 a
1191 2713 1297 2772 ceteris
1355 2731 1380 2772 1e

57 2813 172 2885 petitae;
197 2823 226 2871 et
248 2823 359 2890 quanto
382 2812 481 2889 plures
503 2813 653 2888 petentur!
690 2811 753 2868 lam
775 2811 832 2869 hoc
854 2827 948 2887 genus
972 2829 1129 2870 causarum
1147 2813 1296 2874 diversam

56 2913 173 2974 formem
200 2917 204 2992 Ι
229 2915 363 2986 habebit,
393 2921 424 2972 ut
450 2914 581 2991 appellet
603 2913 653 2990 qui
676 2933 735 2974 non
758 2923 829 2972 sunt
850 2915 941 2972 creati
965 2913 1149 2988 sacerdotes,
1176 2917 1293 2993 im[mo]
1351 2936 1377 2977 ao

57 3018 186 3092 populus.

130 3121 134 3196 Ι
153 3117 240 3194 Quae
262 3121 352 3197 igitur
367 3119 457 3178 tantis
474 3127 534 3178 tem
550 3119 723 3178 salutarium
743 3139 842 3178 rerum
856 3120 980 3179 consilis
996 3121 1103 3180 vestris
1119 3121 1179 3180 alia
1198 3123 1297 3198 prime
1353 3141 1378 3183 n

56 3237 114 3280 esse
134 3223 284 3282 sententie
305 3233 416 3298 potest,
439 3239 527 3298 quam
550 3229 595 3294 ut,
624 3221 702 3299 quod
726 3223 835 3300 singuli
858 3223 1004 3294 sentiunt,
1030 3223 1110 3299 quod
1133 3225 1265 3285 universi
1288 3227 1293 3304 Ι

55 3322 223 3400 depectere
244 3327 350 3385 intimo
372 3325 537 3401 clamen[t]‚
559 3342 615 3401 ego
637 3324 793 3384 censeam?
1351 3345 1377 3387 as
1428 3347 1429 3350 ¹

130 3430 134 3504 Ι
159 3425 277 3488 Censeo
300 3429 392 3506 igitur
412 3429 443 3487 in
466 3427 569 3504 primis
585 3427 716 3505 agendas
733 3427 872 3486 maximis
894 3429 986 3505 impp.
1003 3429 1126 3506 gratias,
1150 3432 1200 3506 qui
1219 3431 1295 3490 selu·
1352 3449 1377 3491 ss

54 3531 158 3592 taribus
186 3531 329 3602 remedie,
356 3532 421 3590 fisci
449 3531 563 3589 ratione
590 3538 658 3606 post
684 3530 798 3601 habita,
827 3530 975 3589 labentem
999 3531 1160 3590 civitatium
1184 3541 1292 3593 statum

55 3639 79 3688 et
108 3631 349 3714 preelcipitantes
376 3635 434 3693 iam
462 3635 493 3692 in
526 3633 627 3691 ruinas
660 3633 869 3709 principalium
900 3634 1029 3691 virorum
1058 3633 1218 3712 fortuna[s]
1247 3657 1293 3696 re·
1350 3654 1376 3696 24

54 3737 218 3794 stituerunt:
246 3744 329 3796 tento
356 3736 474 3812 quidem
503 3737 754 3812 magnificentius,
788 3735 882 3810 quod,
917 3754 981 3794 cum
1010 3745 1186 3795 excusatum
1212 3749 1293 3797 esset

55 3839 216 3914 retilnerent
247 3857 323 3914 quae
357 3839 396 3896 ali
433 3839 633 3897 instituissent
668 3847 697 3896 et
729 3856 807 3913 quae
844 3838 934 3916 longe
970 3840 1153 3898 consuetudo
1186 3841 1292 3899 confir·
1350 3859 1374 3900 rs

54 3950 170 4014 nasset,
199 3951 297 4000 tamen
325 3942 376 3999 olli
406 3959 552 4018 peraeque
580 3959 768 4018 nequaquam
799 3951 897 3999 sectae
926 3959 997 3999 suae
1023 3961 1184 4020 congruere
1213 3945 1290 4002 arbi·

128 4148 145 4206 9
164 4147 379 4224 patrimonium]
403 4162 615 4208 rnrnocmrvu
637 4163 742 4206 ees-
762 4159 853 4224 porat
868 4147 924 4224 lex]
944 4149 1062 4225 scripsi,
1084 4147 1251 4208 riantur
1267 4169 1317 4211 aes
1332 4185 1373 4195 —

53 4249 211 4325 sestertium]
233 4265 276 4309 sss
298 4269 348 4308 ees
369 4251 417 4308 hic
440 4261 469 4309 et
491 4251 630 4328 deinceps
654 4283 691 4292 —
716 4249 751 4308 13
776 4250 905 4326 smerpet]
928 4254 1042 4326 emeruit
1062 4249 1237 4311 Hirschfeld
1260 4287 1298 4296 -
1322 4271 1373 4312 ne-

55 4365 146 4410 tnrvn
167 4368 222 4410 est·
249 4354 438 4430 apographa;
465 4355 496 4411 in
525 4361 631 4430 ectypo
661 4353 788 4412 cernitur
815 4354 986 4411 netntvlst
1010 4353 1185 4428 videturque
1207 4354 1300 4413 luisse
1323 4364 1375 4414 aut

55 4468 159 4514 netsrv
181 4471 232 4514 esr
255 4463 307 4512 eut
329 4471 510 4514 nensrvnsr
534 4489 574 4500 -
599 4454 636 4513 18
660 4453 836 4515 secundos·
859 4473 910 4514 aes
938 4485 976 4494 —
1003 4455 1042 4513 20
1069 4455 1163 4531 immo]
1190 4465 1240 4515 aut
1262 4473 1297 4514 nu
1320 4474 1372 4516 aes

55 4565 98 4613 aut
122 4567 226 4634 postea
250 4558 362 4616 fectum
390 4576 439 4617 uuo
466 4591 503 4602 -
533 4557 569 4616 21
601 4574 833 4616 sennenrenrm
859 4557 928 4631 init,
961 4555 1013 4617 sed
1043 4558 1230 4616 emendatum
1259 4569 1306 4618 est
1331 4592 1373 4602 —

56 4655 88 4714 22
113 4676 275 4719 cenitense
300 4661 409 4720 iactum
436 4681 475 4720 ex
498 4677 659 4732 cinnanum
688 4671 788 4736 potest
809 4661 937 4719 fortasse
960 4661 1030 4719 ferri
1052 4660 1130 4736 quod
1154 4669 1303 4720 corrector
1325 4663 1373 4722 de-

55 4759 102 4833 dit,
129 4763 242 4822 scilicet
267 4781 388 4822 censere
415 4773 579 4822 senatorem
608 4764 770 4823 seeundum
797 4763 827 4821 id
854 4763 933 4839 quod
965 4772 1068 4839 pectus
1095 4763 1229 4822 intimum
1256 4763 1372 4838 clamet,

55 4863 99 4920 sed
124 4872 242 4926 secutus
269 4883 333 4924 sum
360 4865 574 4926 Buechelerum
603 4867 809 4924 emendantem
837 4865 961 4925 clamant
987 4899 1024 4908 -
1054 4867 1093 4924 24
1118 4866 1270 4942 somenae]
1297 4881 1372 4924 ron·

56 4981 127 5025 rvns
148 4987 199 5027 ees
223 5001 261 5011 -
286 4987 346 5027 cum
368 4981 529 5030 excusatum
551 4980 622 5028 osset
645 4969 697 5043 (=
715 4969 831 5043 liceret)
858 4973 978 5026 retinere
1000 4968 1050 5044 [e]t
1073 4988 1145 5044 quoe
1167 4977 1223 5027 cet.
1245 4967 1372 5028 Hirsch-

54 5065 113 5127 feld.
145 5069 204 5131 Sed
226 5069 336 5129 tradita
357 5081 436 5131 recte
458 5093 476 5130 a
497 5073 675 5132 coniecturis
699 5071 831 5130 defendit
845 5069 1021 5129 Buecheler:
1044 5072 1101 5128 hoc
1120 5072 1304 5147 significatur
1324 5089 1371 5130 se·

57 5181 161 5231 natores
188 5173 393 5252 postulavisse
421 5175 457 5234 ab
484 5175 725 5248 imperatoribus,
754 5182 786 5232 ut
811 5193 829 5232 e
855 5175 946 5232 rebus
973 5173 1118 5232 novandis
1141 5174 1323 5236 abstinerent
1343 5181 1373 5232 et

57 5269 90 5328 ita
108 5293 269 5336 excusasse
292 5293 324 5336 se
346 5278 382 5336 ab
405 5276 609 5336 adsentiendo.
