3284 5936
11 673 119 728 err-aer
579 673 662 728 von.
682 673 747 727 vn.
1249 653 1321 729 315

13 847 158 908 282988
185 859 261 926 poet
287 847 324 908 G.
349 869 376 907 n.
397 849 468 910 479.
514 850 550 910 ln
578 851 672 910 muria
705 849 862 924 ecelesiae,
897 850 946 910 ubi
974 870 1052 912 nune
1078 859 1162 926 aunt,
1194 871 1221 912 a.
1244 851 1322 912 1888

44 953 146 1010 detecte
166 952 344 1029 fragmenta
366 953 432 1012 duo.

77 1087 142 1148 992.
165 1091 234 1148 Ara
259 1089 398 1150 evanida.

78 1977 144 2037 993.
170 1981 208 2038 11
228 1978 294 2056 erg.
317 1977 390 2037 ana

601 2091 616 2132 E
632 2092 650 2134 R
669 2091 677 2132 1
698 2090 716 2132 Τ

600 2191 725 2236 tntu!

645 2295 698 2337 ΑΕ

18 2421 80 2481 tiiait
99 2443 116 2482 a
137 2443 170 2484 ae
192 2425 352 2502 descripta
369 2425 461 2484 Blair.
497 2425 686 2501 Prooemium
709 2429 743 2502 os
759 2425 919 2486 Newcurtle
940 2444 996 2486 aoc.
1020 2425 1124 2486 antii
1148 2423 1221 2497 2823
1245 2425 1327 2486 Wat·

18 2525 55 2583 kin
73 2527 144 2584 aret.
161 2530 267 2603 journ.
285 2527 387 2587 XLIV
412 2526 480 2601 121,
504 2529 583 2587 arrh.
607 2527 732 2586 Aeliana
749 2527 813 2586 XII
836 2529 906 2588 294.

19 2663 511 2678 -—-—-—-.-—-—-—--—-

21 2752 75 2813 994
93 2757 144 2816 ins.
167 2767 244 2835 post
267 2755 304 2818 C.
326 2779 354 2817 n.
375 2759 444 2818 479.
498 2759 711 2837 Fragmentum
739 2778 766 2817 a.
790 2759 867 2819 1883
895 2779 972 2836 rep„
1004 2779 1082 2819 nunc
1108 2757 1268 2818 Newcaatle
1295 2761 1326 2818 in

53 2877 146 2918 museo.

641 3013 691 3057 ΟΕ

645 3117 666 3158 G

26 3231 86 3294 iiisit
103 3257 120 3295 a
140 3255 172 3298 ee
195 3239 384 3316 descriptum
407 3239 501 3298 Blair.
546 3239 669 3298 Watlrin
693 3241 772 3300 aret.
788 3241 887 3315 journ.
903 3237 978 3299 XLI
1004 3238 1071 3298 178.

28 3439 286 3457 —————-

509 3571 578 3632 XL.
621 3571 817 3632 HEXHAM.

54 3732 148 3798 Castra
167 3741 311 3800 Romana
337 3741 430 3801 fuiaae
458 3741 497 3799 ad
518 3741 658 3800 Hexham
688 3741 781 3800 titulis
808 3751 838 3801 et
863 3742 1012 3820 lapidibus
1034 3741 1178 3801 Romanis
1201 3741 1241 3800 ibi
1264 3761 1328 3800 eru·

27 3833 111 3898 ieratis
136 3862 327 3922 nequaquam
354 3844 588 3916 demonstratum
621 3853 747 3922 possunt
776 3845 853 3904 enim
881 3863 984 3903 omnes
1012 3863 1050 3902 ex
1077 3841 1250 3921 Corstopito
1275 3863 1329 3921 per

27 3935 121 4002 iunium
146 3946 266 4005 advecti
293 3965 369 4020 esse,
392 3947 474 4005 velut
499 3965 552 4006 ara
572 3947 661 4005 hodie
683 3947 811 4005 evanida
831 3947 911 4005 faeta
930 3948 1042 4025 inipso
1067 3947 1188 4005 flumine
1210 3954 1329 4023 reperta

28 4037 62 4110 (C-
81 4042 195 4126 Hodgea
217 4047 318 4124 Abbay
341 4051 374 4125 os
395 4049 426 4108 S.
439 4048 564 4109 Andrum
586 4048 727 4108 Hennam.
754 4047 832 4109 1888
854 4069 883 4127 p.
901 4049 945 4126 4).
989 4047 1094 4126 Neque
1116 4047 1266 4126 prodiisse
1287 4047 1328 4106 ibi

30 4141 137 4206 ridentur
157 4151 304 4228 reliquiae
326 4153 465 4211 minoren.

30 4323 82 4387 995
101 4347 164 4410 poet
184 4337 221 4398 Ο.
244 4359 274 4397 n.
290 4339 360 4399 485.
397 4339 492 4416 Lapis
514 4339 642 4418 insignia
664 4357 726 4415 rep.
749 4357 776 4397 a.
796 4337 872 4398 1881
896 4340 988 4397 under
1002 4338 1046 4398 tie
1067 4337 1195 4397 chamber
1216 4339 1328 4412 ueiioin·

60 4436 98 4510 inq
118 4438 158 4498 tte
177 4452 248 4501 wart
271 4451 398 4520 tranrrpt
418 4443 453 4517 os
471 4443 514 4500 tie
535 4441 639 4517 Priory
665 4439 786 4499 Cturrt.
830 4438 973 4501 Servatur
993 4442 1024 4500 in
1046 4441 1182 4500 ecelesia.

429 4617 507 4668 eques
527 4617 585 4652 cum
605 4601 692 4666 aigum
716 4599 762 4650 sub
782 4615 813 4652 eo
832 4602 900 4652 iacet

572 4693 654 4744 hoatia
673 4695 755 4744 vietus

392 4819 938 4878 nrsmnuravsrunvitvs

395 4937 567 4993 EQALAE
597 4938 702 4980 erre
727 4937 939 4980 sionim

395 5041 475 5082 nvn
507 5023 792 5083 cnuniulnn
816 5039 895 5082 xxv

469 5124 706 5184 STIPVII
750 5125 841 5183 HS

68 5247 148 5409 Bdruce
172 5263 249 5320 ercii.
273 5263 338 5322 Aet.
360 5263 407 5322 lx
433 5263 489 5322 167
519 5271 549 5322 et
573 5263 738 5323 Handboolc
758 5283 787 5341 p.
805 5263 843 5323 79
867 5261 948 5340 (eum
971 5262 1035 5340 fig.)
1061 5262 1112 5339 qui
1138 5262 1257 5322 saeculo
1284 5280 1330 5321 ae·

43 5362 80 5406 ⁰⁰11
99 5373 113 5410 ο
132 5363 266 5424 attribuit.
