3466 5926
245 581 339 631 XXIV
817 569 1017 628 PRAEFATIO.

346 745 484 826 grapha,
511 753 639 823 reperta
663 760 734 805 esse
758 743 879 806 Orvicto
902 751 934 804 et
958 741 1059 805 Gustel
1073 740 1103 804 d'
1124 737 1200 806 Asso
1223 759 1321 823 supra
1342 746 1529 806 memoravi.
1556 779 1608 790 -

348 849 407 909 Per
436 865 576 910 errorem
599 846 727 909 Siciliae
756 837 896 908 tributae
919 855 996 908 sunt
1024 843 1157 926 glandes
1184 845 1252 925 agri
1282 845 1393 926 Regini
1416 864 1450 908 n.
1467 846 1521 928 bl,
1541 869 1570 912 ι.
1592 869 1607 908 ι

346 959 378 1012 et
401 950 571 1013 Perusinae
595 950 647 1029 66,
666 971 695 1030 ι,
721 947 778 1011 ubl
801 947 887 1010 vide.

268 1053 343 1118 22ιι.
372 1053 600 1135 [Aquileiae
630 1061 758 1134 reperta
786 1069 856 1116 esse
883 1049 1003 1114 dicitur
1023 1069 1057 1112 ιι.
1076 1051 1160 1130 68,ι
1184 1067 1266 1130 quae
1289 1069 1352 1112 non
1381 1049 1493 1114 dubito
1517 1054 1606 1134 quin

346 1156 473 1218 Perusia
495 1153 704 1236 provenerit]

269 1259 322 1321 28.
348 1258 521 1339 Apsorus
542 1256 674 1341 (Ostcro)
695 1259 729 1323 in
745 1258 849 1320 insula
861 1255 1030 1320 Liburniae
1045 1255 1138 1318 Grexi
1159 1254 1305 1338 (diserto).
1330 1255 1454 1320 Viden.
1471 1259 1533 1322 4449
1546 1278 1603 1341 sq.

270 1362 322 1424 24.
349 1363 563 1443 Hispania.
609 1361 688 1424 Vide
711 1379 745 1423 n.
764 1361 804 1422 49
828 1369 860 1423 et
882 1359 936 1421 80.

708 1721 847 1793 INDEX
873 1719 1127 1792 MVSEORVM.

247 1892 430 1974 Augusta
452 1894 734 1971 Taurinorum,
760 1907 862 1953 museo
885 1889 919 1951 di
939 1890 1125 1972 artopticio.
1161 1892 1239 1954 Tres
1262 1899 1452 1972 quattuorve
1474 1898 1606 1976 accepit

292 1996 333 2058 ab
362 1996 484 2076 Erolio,
521 2003 558 2057 ut
588 1997 615 2058 is
645 1996 792 2057 Henneno
814 2001 949 2056 testatus
979 2001 1028 2056 est
1056 2013 1086 2055 a.
1113 1995 1207 2056 4882.
1269 1993 1457 2077 Apograpba
1485 1997 1605 2062 eodem

291 2117 373 2162 anno
395 2098 488 2161 nobis
511 2098 651 2179 benigne
674 2097 761 2159 misit
774 2097 961 2159 Vincentius
984 2097 1113 2176 Promis,
1138 2095 1399 2161 bibliothecarius
1420 2101 1538 2180 regius.
1559 2135 1605 2148 -

297 2201 378 2264 Vide
405 2221 439 2264 n.
459 2202 511 2281 72,
530 2220 544 2263 ι
566 2210 598 2262 et
619 2220 651 2262 n.
679 2200 823 2279 90*,1-s.

248 2303 509 2368 Mediolanum.
535 2303 564 2386 α)
585 2305 727 2366 lluseum
749 2301 1019 2383 archaeologicum
1039 2301 1183 2383 possidet
1198 2304 1366 2366 Perusinas
1380 2303 1472 2384 duas,
1497 2305 1606 2370 dona-

290 2417 340 2470 tas
356 2427 374 2469 a
390 2407 565 2489 Serepbinc
580 2403 661 2486 Biifi,
682 2423 817 2486 quarum
832 2421 897 2466 una
911 2422 974 2466 non
991 2413 1040 2467 est
1055 2405 1218 2486 inscripta,
1238 2405 1337 2468 altere
1352 2415 1401 2469 est
1416 2425 1448 2470 n.
1467 2409 1519 2489 86,
1538 2427 1565 2471 ι.

292 2509 318 2594 4))
346 2512 487 2573 lluseum
503 2528 521 2572 a
537 2508 763 2572 Poldi-Peaadli
782 2507 814 2590 st
827 2506 921 2590 4879)
940 2508 1115 2590 municipio
1135 2505 1288 2571 donatum
1310 2508 1453 2590 possidet
1468 2511 1608 2592 glandes

351 2623 418 2676 tres
441 2613 650 2692 inscriptione
673 2620 831 2692 carentes,
856 2629 953 2674 unam
976 2629 1080 2692 nuper
1101 2613 1245 2674 incusam
1267 2631 1301 2674 n.
1326 2611 1397 2690 73*,
1415 2633 1440 2676 ι.
1479 2615 1610 2680 Gatalo-

349 2735 408 2798 gus
431 2716 507 2778 anni
531 2715 609 2777 4884
650 2713 673 2798 (ι
682 2713 734 2777 ide
756 2710 930 2776 Auctorum
959 2711 1096 2776 indicem
1126 2733 1152 2776 s.
1178 2733 1211 2776 v.
1236 2713 1472 2797 Poldi-Peaaoli)
1500 2735 1533 2798 p.
1559 2721 1606 2780 68

349 2819 492 2882 breviter
514 2825 677 2880 memorat.

296 2922 322 3007 c)
348 2922 505 2986 Hamilcar
526 2919 666 2984 Ancona.
712 2917 791 2981 Vide
813 2936 911 2999 supra
934 2937 967 2998 p.
986 2919 1057 2979 XlX
1079 2937 1112 2980 n.
1131 2936 1191 2982 ιιιι.
1208 2937 1249 2982 ιι.
1269 2953 1307 2965 -
1326 2919 1433 2985 Prodit
1457 2922 1607 3008 omologo

350 3026 525 3089 descrimvo
540 3023 618 3087 delle
632 3023 764 3086 raccolte
786 3023 897 3105 episto,
913 3039 1104 3102 preromcao
1119 3021 1157 3083 cd
1171 3029 1440 3088 etmsco-romuoo
1454 3025 1489 3088 di
1501 3022 1607 3091 Amil-

348 3145 421 3190 care
435 3124 562 3190 Accone
587 3123 710 3208 (llilano
727 3125 811 3187 4880
827 3122 948 3206 sequ),
978 3122 1037 3186 sed
1059 3122 1100 3186 ad
1122 3126 1178 3186 has
1200 3143 1252 3188 res
1274 3124 1417 3190 nondum
1437 3131 1604 3210 pervenit.

254 3230 380 3294 Vdicc.
429 3229 564 3293 Viden.
590 3227 752 3308 8⁴*,e-n.

251 3337 437 3398 Ferrcro.
483 3331 636 3414 Iosephus
665 3330 811 3393 Boscbini
840 3327 1024 3412 possidebat
1052 3328 1133 3392 duas
1162 3330 1294 3411 glandes
1319 3331 1363 3414 (ιι.
1386 3334 1404 3394 4
1436 3333 1544 3396 adnot.
1569 3345 1607 3398 et

293 3435 379 3520 442),
406 3435 448 3499 ab
468 3434 592 3499 Alessic
617 3431 723 3518 (4829)
751 3442 784 3496 et
804 3433 928 3496 llinicio
951 3441 1149 3495 memoratas.

248 3540 435 3604 Bononia.
479 3540 515 3600 ln
545 3557 655 3601 museo
677 3536 895 3600 universitatis
920 3533 1170 3598 asservabantur
1195 3537 1320 3616 bsept.
1341 3537 1436 3618 4877,
1462 3537 1605 3618 quodie

292 3641 372 3724 vidi,
399 3641 530 3723 glandes
551 3638 703 3703 undecim
725 3639 859 3721 originis
885 3657 949 3700 non
972 3637 1144 3716 indicatae;
1184 3639 1269 3701 inter
1296 3657 1351 3702 eas
1378 3649 1499 3722 septem
1526 3654 1608 3706 sunt

292 3747 401 3808 Latine
432 3746 605 3826 inscriptae
628 3761 660 3803 n.
681 3744 711 3823 4,
732 3763 771 3804 ιι.
796 3741 826 3822 6,
846 3763 885 3806 ιι.
918 3743 972 3820 24,
992 3763 1030 3804 ιι.
1055 3741 1109 3820 80,
1129 3761 1167 3805 ιι.
1193 3742 1246 3803 88.
1280 3741 1354 3820 443,
1373 3764 1397 3806 ι.
1430 3744 1502 3824 tlt,
1536 3763 1608 3808 una

292 3849 412 3912 Graece
425 3848 589 3928 inscripta,
608 3853 673 3908 tres
686 3845 893 3927 inscriptione
904 3855 1059 3908 carentes.
1074 3879 1117 3890 —
1128 3844 1175 3906 Ile
1186 3843 1401 3910 AldrovandIc
1411 3846 1525 3910 viden.
1538 3845 1602 3928 7,ι.

250 3953 384 4033 Cupra
405 3953 600 4014 llontana.
647 3946 727 4010 Vide
750 3967 782 4010 ιι.
799 3947 871 4011 88’.

248 4056 439 4117 Firmum.
496 4051 639 4115 Caietani
669 4049 710 4113 de
739 4050 863 4114 llinicis
896 4049 926 4132 (†
942 4049 983 4114 27
1001 4052 1091 4114 liert.
1119 4049 1213 4132 4874)
1246 4051 1395 4132 supellex
1421 4053 1607 4134 antiquaria

291 4167 363 4239 post
384 4163 517 4218 mortem
540 4154 611 4216 eius
633 4152 799 4216 divendita
820 4163 883 4231 est3
909 4152 1074 4233 glandium
1097 4173 1162 4218 una
1189 4152 1233 4236 (n.
1254 4153 1306 4238 65)
1334 4154 1375 4218 ad
1398 4153 1609 4220 Guardabas-

290 4260 392 4340 sium,
417 4259 485 4322 XVl
508 4255 550 4320 ad
571 4256 832 4319 linesi-Scottium
854 4256 1022 4319 Perusinos
1044 4265 1262 4338 pervenerunt
1288 4255 1330 4339 (v.
1348 4277 1381 4340 p.
1399 4258 1520 4340 XXVI).

249 4365 558 4445 iiipatrooscoe.
610 4361 644 4420 ln
675 4377 786 4422 museo
816 4358 911 4423 lalsas
940 4361 1021 4424 vidit
1051 4359 1255 4424 Gabriellius.
1287 4395 1332 4406 -
1360 4361 1405 4423 De
1435 4363 1605 4426 Francisco

292 4467 418 4530 Sciarra
441 4462 576 4528 Gondivi
599 4461 641 4524 ci.
665 4461 707 4524 ad
728 4481 761 4525 n.
780 4462 833 4540 at,
850 4481 875 4525 ι.

249 4567 666 4632 Asculum-Picenum.
713 4564 742 4648 ιι)
769 4565 805 4626 ln
820 4583 930 4628 museo
946 4565 1045 4628 civico
1061 4574 1213 4628 autumno
1235 4564 1311 4628 anni
1329 4565 1412 4627 4877
1428 4566 1494 4630 vidi
1509 4567 1607 4648 glan-

293 4671 351 4735 des
373 4671 530 4752 genuinas
553 4671 722 4751 inscriptas
745 4667 834 4746 CXV,
870 4685 950 4748 quas
979 4667 1111 4731 exhibui
1134 4687 1167 4730 n.
1186 4668 1282 4730 3-9.
1310 4669 1361 4730 42.
1388 4668 1441 4730 48.
1468 4670 1519 4730 46.
1547 4671 1601 4734 48.

292 4773 432 4838 24-24.
451 4774 592 4836 26-34.
610 4770 651 4833 87
668 4779 734 4834 not.
752 4771 806 4832 38.
826 4771 878 4833 42.
897 4770 948 4832 48.
969 4771 1025 4848 48;
1059 4770 1109 4834 hie
1131 4789 1160 4833 a.
1189 4771 1271 4832 4878
1294 4780 1327 4834 et
1350 4771 1433 4834 4879
1457 4790 1606 4836 accesse-

291 4886 368 4939 nmt
383 4877 526 4958 quinque
542 4875 585 4959 (ιι.
604 4877 635 4955 6,
654 4896 693 4937 ιι.
710 4893 796 4939 ιι-ιι.
814 4873 881 4956 36).
922 4873 1077 4958 Quattpor
1092 4872 1346 4956 Gorropolitanae
1368 4885 1460 4956 sunt,
1479 4885 1606 4939 ceterae

291 4998 413 5060 omnes,
439 4981 535 5042 etiem
559 4998 626 5057 eae,
652 4995 788 5059 quarum
810 4977 897 5058 origo
920 4994 984 5038 non
1007 4973 1127 5040 diserte
1142 4977 1290 5064 adnotata
1312 4987 1371 5058 est,
1398 4976 1604 5044 hauddubie

292 5081 418 5163 Asculi,
450 5081 597 5163 inprimis
626 5081 660 5144 in
689 5079 858 5144 Castellani
881 5079 971 5142 alveo
1000 5087 1148 5161 repertae
1170 5089 1256 5144 sunt.
1308 5081 1420 5145 Exstat
1442 5081 1606 5164 catalogus

291 5205 366 5265 ms,
392 5188 426 5248 in
449 5203 512 5266 quc
534 5185 652 5266 cuique
674 5181 783 5266 glandi
806 5182 990 5246 adnotatum
1014 5191 1073 5262 est,
1100 5201 1163 5264 quo
1187 5201 1270 5246 anno
1292 5193 1335 5266 et,
1362 5186 1390 5248 si
1413 5193 1519 5267 empta
1540 5193 1602 5265 est,

293 5309 355 5371 quo
377 5290 481 5371 pretio
503 5289 660 5370 acquisita
682 5287 734 5367 sit,
761 5286 871 5350 multis
893 5295 1068 5367 praeterea,
1094 5285 1151 5349 ubi
1175 5295 1321 5368 repertae
1341 5288 1407 5351 sint
1429 5297 1484 5352 aut
1505 5305 1604 5369 aquo
