3402 5924
324 569 371 640 92
828 581 987 632 anauniae
1007 581 1160 632 8848888.

320 773 433 838 glandes
451 785 505 823 non
524 775 615 824 essent
633 785 722 838 nuper
740 771 851 823 demum
870 774 980 824 incusae
999 785 1108 834 omncs,
1130 775 1220 822 tamen
1239 785 1335 835 magne
1356 785 1391 822 ex
1408 775 1483 836 parte
1501 771 1595 830 ialso;
1618 785 1674 821 narn

319 859 403 910 88448
429 861 524 909 488884
547 873 563 910 8
589 858 758 922 Desjardinio
782 859 852 910 male
876 859 956 911 lecta.
992 859 1178 922 Desjardinius
1201 860 1274 908 enim
1303 871 1356 909 non
1380 858 1469 909 solnm
1493 859 1524 908 in
1546 858 1673 922 plurimrs

320 943 542 1010 inscriptionibus
560 944 680 1008 legendis
696 957 779 1010 supra
800 957 881 1010 quam
903 945 1085 1010 credipotest
1105 945 1221 1002 erravit,
1242 957 1338 994 verram
1358 945 1441 994 etiam
1457 944 1644 1010 permultas
1638 957 1674 993 8

319 1031 479 1095 scriptiones
504 1031 747 1097 inscriptionumve
765 1031 895 1096 reliquias
913 1033 1053 1096 tamquam
1078 1032 1105 1081 in
1124 1029 1268 1094 glandibus
1286 1029 1383 1088 lectas.
1405 1043 1484 1096 saepe
1502 1043 1543 1080 ne
1565 1029 1673 1080 dubita-
1695 1030 1696 1110 l

319 1117 421 1166 tionem
439 1117 552 1180 quidem
575 1116 728 1182 protessus,
754 1117 901 1168 delineavit
918 1117 1071 1182 ediditque,
1096 1129 1212 1181 quarum
1230 1129 1283 1166 nec
1303 1116 1395 1167 volum
1413 1129 1464 1166 uec
1478 1117 1632 1179 vestigium
1651 1118 1696 1164 in

319 1203 384 1267 ipsis
402 1206 506 1254 exstare
532 1202 653 1255 intellexi
671 1203 896 1254 confirmantibus
919 1204 1027 1264 amicis,
1052 1201 1152 1268 quibus
1170 1201 1316 1268 archetype
1338 1204 1495 1253 monstravi.
1537 1205 1655 1267 Atque
1650 1217 1673 1251 ιι

318 1294 432 1353 utraque
450 1301 479 1338 re
498 1291 554 1339 tam
572 1301 653 1355 saepe
678 1291 796 1340 8448848
815 1302 897 1355 opere
914 1291 1047 1354 peccavit,
1071 1290 1116 1340 vix
1133 1292 1163 1339 ut
1180 1289 1296 1339 altemm
1315 1288 1380 1339 huic
1399 1301 1447 1353 par
1463 1288 1655 1353 exemplum
1650 1301 1672 1336 ιι

318 1375 445 1425 universa
464 1387 494 1424 re
513 1374 685 1439 epigrapbica
710 1377 823 1441 reperiri
841 1379 922 1439 queat
946 1375 997 1426 nisi
1016 1373 1084 1424 lonta
1104 1374 1357 1426 titulll’estiuenses
1372 1375 1516 1425 abeodem
1538 1374 1627 1431 editi,
1642 1375 1672 1424 de
1696 1416 1697 1436 ,

317 1459 417 1524 quibus
435 1461 560 1525 exposuit
577 1461 760 1512 llommsenus
778 1462 805 1510 in
824 1461 938 1526 Ephem.
954 1463 1040 1524 epigr.
1055 1461 1077 1510 ll
1095 1474 1122 1525 p.
1137 1462 1186 1510 884
1200 1473 1260 1526 sqq.
1288 1461 1400 1524 Singula
1417 1461 1447 1514 b.
1460 1461 1478 1511 l.
1492 1462 1630 1527 persequi
1644 1475 1671 1510 eo
1696 1477 1697 1490 ι

318 1546 407 1595 84888
420 1557 487 1610 opus
506 1547 555 1608 est,
576 1546 649 1608 quod
667 1547 791 1611 exempla
810 1559 825 1596 a
844 1560 888 1596 me
907 1547 934 1596 in
953 1559 1053 1597 comm.
1069 1559 1111 1596 ac.
1131 1549 1197 1596 4878
1216 1559 1244 1611 p.
1267 1548 1315 1595 478
1332 1559 1394 1612 sqq.
1415 1549 1574 1612 composita
1599 1547 1670 1598 suffi-

316 1632 393 1682 ciunt
410 1635 437 1682 et
454 1631 527 1696 quod
545 1643 640 1682 omnes
661 1632 860 1694 aDesjardinio
872 1631 1092 1683 Desideratorum
1110 1629 1245 1681 fasciculis
1258 1635 1282 1680 8.
1299 1635 1323 1680 t.
1341 1634 1365 1682 4.
1386 1635 1401 1680 8
1420 1631 1508 1682 editas
1525 1634 1669 1698 inscripti-

316 1731 383 1769 ones
407 1718 514 1782 spurias
538 1729 598 1768 esse
622 1730 695 1768 8888
720 1721 826 1768 constat
843 1731 875 1768 ac
899 1720 1041 1784 praeterea
1064 1717 1227 1782 archetypa,
1253 1730 1324 1781 quae
1348 1717 1489 1768 falsarium
1507 1718 1672 1771 adhibuisse

317 1817 391 1855 8888
414 1803 631 1854 demonstratum
656 1808 709 1866 est,
736 1806 775 1854 tot
793 1803 923 1854 lectiones
947 1803 1167 1866 Desjardinianas
1184 1815 1233 1867 per
1251 1816 1281 1854 se
1304 1802 1463 1867 refutant1).
1481 1831 1517 1842 -
1535 1807 1670 1868 Bergkius
1697 1803 1698 1814 ¹

317 1891 506 1944 venerantum
524 1887 606 1949 84844,
627 1891 658 1938 84
675 1901 719 1938 88
738 1891 893 1940 88888488
912 1889 1034 1949 audiret,
1060 1890 1092 1938 ut
1109 1889 1191 1939 etiam
1212 1889 1302 1940 acrius
1320 1901 1432 1940 suarum
1457 1891 1574 1956 quidem
1596 1893 1668 1954 gian-

315 1975 391 2027 dium
404 1977 591 2025 sinceritatem
604 1977 738 2025 assereret
755 1987 869 2040 easque,
887 1976 996 2025 interim
1009 1975 1088 2025 novis
1099 1973 1222 2025 eiusdem
1236 1973 1361 2025 officinae
1371 1977 1550 2028 incrementis
1565 1983 1666 2028 auctas.

315 2061 404 2112 denuo
423 2061 516 2112 libello
533 2061 689 2123 1888488488
706 2061 850 2112 remissior
868 2061 1156 2124 Scblestdcrpeschosaa,
1183 2060 1288 2125 lipsiae
1313 2058 1419 2122 48744),
1445 2063 1471 2112 48
1492 2063 1588 2113 lucem
1608 2077 1669 2128 pro

315 2148 406 2210 terret,
427 2147 461 2198 88
480 2146 660 2198 contumelias
678 2146 864 2207 descendens,
890 2159 960 2210 quae
982 2151 1014 2195 ut
1031 2149 1105 2197 certo
1124 2149 1187 2196 sunt
1205 2145 1311 2197 liberali
1329 2145 1440 2196 homine
1459 2148 1608 2212 indiguae,
1636 2151 1665 2199 iia

315 2247 381 2284 num
399 2235 563 2298 provocatae
581 2230 682 2282 luerint
699 2232 926 2282 commentatione
951 2244 1010 2282 meu
1029 2233 1177 2282 sententias
1200 2233 1274 2294 eius,
1301 2245 1354 2282 non
1374 2233 1464 2298 ipsum
1482 2234 1665 2300 impugnanti.

314 2318 426 2370 arbitrio
444 2319 565 2370 cuiusvis
578 2317 788 2367 existimandum
801 2317 935 2380 relinquo.
958 2317 1105 2380 Bergkium
1117 2315 1227 2368 doctum
1240 2329 1364 2381 sagacem
1376 2319 1553 2382 ingeniosum
1575 2333 1666 2372 omnes

313 2407 411 2456 merito
424 2404 603 2464 admirantur,
630 2417 663 2453 88
681 2403 768 2466 magis
785 2407 877 2453 autem
894 2401 1043 2454 dolendum
1056 2405 1096 2454 est
1108 2403 1227 2454 eundem
1246 2405 1338 2454 nescio
1351 2417 1406 2468 quc
1418 2406 1512 2454 animo
1526 2405 1664 2456 interdum

314 2496 497 2542 transversum
516 2493 608 2540 884888
627 2501 675 2538 888
693 2489 783 2554 48888
796 2489 892 2540 merite
905 2488 1105 2540 obscuravisse.
1119 2517 1155 2526 —
1172 2489 1209 2538 lie
1222 2489 1392 2553 Desjardioio
1405 2492 1433 2540 et
1445 2490 1564 2554 Bergltio
1583 2504 1664 2542 unum

311 2576 411 2628 addam
424 2575 486 2626 hoc.
506 2576 535 2624 48
546 2575 749 2624 commentariis
760 2575 858 2624 minor.
870 2573 947 2626 acad.
959 2574 1048 2626 Barol.
1064 2577 1129 2624 4878
1143 2587 1170 2638 p.
1181 2577 1225 2624 474
1240 2587 1299 2640 sqq.
1312 2587 1376 2626 cum
1389 2575 1486 2635 multa,
1509 2589 1586 2642 quae
1598 2579 1662 2626 male

313 2663 421 2726 legisset
433 2659 629 2724 Desjardinius,
650 2661 815 2710 notavissam
827 2664 853 2712 84
872 2661 1061 2724 contexissem,
1082 2674 1115 2711 ex
1127 2660 1205 2724 longa
1222 2673 1346 2712 errorum
1365 2661 1435 2712 seria
1453 2662 1526 2712 haec
1544 2664 1664 2728 exemplu

313 2761 356 2798 me
369 2746 489 2812 prolerre
508 2744 655 2811 praelatus,
676 2746 862 2810 Dcsjardinius
880 2745 945 2798 4888.
961 2749 975 2796 4
989 2760 1016 2811 p.
1028 2751 1061 2796 88
1079 2759 1174 2796 eorum
1192 2759 1315 2798 errorum
1333 2750 1410 2812 parte
1422 2760 1506 2813 parra
1521 2749 1662 2800 emendata

312 2834 383 2884 sicut
400 2846 449 2895 ego
468 2827 676 2894 correxeram8),
696 2829 826 2882 fasciculo
846 2837 860 2881 8
883 2831 963 2892 (edito
982 2846 1018 2882 m.
1034 2831 1102 2883 lulio
1122 2833 1198 2894 4878)
1218 2846 1245 2898 p.
1262 2835 1294 2880 88
1316 2845 1359 2882 88
1382 2833 1574 2898 reprehendit,
1596 2837 1663 2900 quod

313 2932 362 2981 ego
375 2918 424 2968 hos
437 2929 545 2968 errores
558 2919 694 2967 notassem
706 2919 769 2967 anta
779 2930 861 2981 quam
874 2919 958 2968 ceteri
972 2917 1192 2968 Desideratomm
1203 2916 1324 2968 iasciculi
1333 2917 1513 2984 prodiissent3
1538 2922 1662 2985 Bergkius

312 3018 375 3054 mox
395 3003 475 3067 (8844.
489 3007 554 3052 4878
569 3015 595 3067 p.
608 3007 639 3052 48
660 3005 727 3066 884.)
748 3016 791 3053 88
811 3005 923 3064 notavit,
943 3005 1017 3068 quod
1034 3017 1089 3055 nou
1108 3015 1203 3054 omues
1219 3003 1381 3067 Desjardinli
1400 3018 1512 3056 errores
1531 3011 1662 3058 888-88848

310 3088 406 3153 sumt),
427 3089 491 3154 quid
510 3089 584 3152 quud
602 3103 629 3154 p.
646 3092 695 3139 488
715 3089 761 3139 lin.
775 3094 807 3138 88
828 3089 873 3151 (cl.
893 3103 920 3154 p.
935 3093 976 3153 88)
994 3090 1099 3154 glandis
1118 3089 1178 3152 w,
1194 3093 1239 3139 484
1261 3091 1406 3142 lectionem
1424 3095 1552 3155 opterpn,
1586 3107 1660 3159 quam

310 3189 381 3228 ame
394 3175 606 3225 demonstratam
621 3177 790 3237 (4488848888.
806 3178 820 3224 8
835 3175 884 3225 484.
900 3179 965 3225 4878
979 3190 1006 3241 p.
1019 3179 1082 3236 474,
1103 3173 1137 3224 ci.
1152 3174 1219 3226 inira
1233 3189 1258 3240 p.
1275 3177 1335 3238 488)
1353 3177 1544 3240 Desjardinius
1557 3181 1662 3230 interim

312 3262 385 3327 (tusc.
402 3263 426 3324 4,
441 3273 534 3311 88888
545 3261 698 3328 Septembri
713 3275 738 3312 a.
752 3264 817 3311 4878
828 3261 935 3312 Parisiis
951 3261 1033 3325 edito,
1051 3262 1151 3324 corrig.
1164 3275 1191 3326 p.
1200 3263 1242 3324 88)
1256 3267 1404 3326 receperat,
1421 3277 1466 3314 me
1478 3267 1544 3329 post
1555 3267 1662 3330 Desjar-

308 3349 413 3400 dinium
433 3349 510 3412 quasi
533 3360 625 3398 meum
644 3348 784 3397 inventum
803 3345 921 3397 edidisse
940 3347 1117 3397 insimulavit.
1139 3373 1174 3383 -
1196 3347 1243 3398 4448
1264 3361 1333 3413 quae
1358 3350 1524 3400 necessitate
1549 3356 1659 3403 coactus

309 3433 421 3484 uberius
434 3435 557 3497 exposui,
572 3433 743 3496 adiungenda
762 3433 897 3496 quaedam
915 3435 979 3484 sunt
1001 3433 1036 3483 de
1054 3432 1187 3497 llupbaale
1206 3434 1362 3484 Garruccic.
1402 3433 1574 3487 Garruccius
1594 3441 1660 3503 post-

309 3533 391 3584 quem
415 3531 430 3567 8
450 3518 565 3581 Berglrio
582 3531 606 3567 8.
628 3521 692 3567 4878
711 3517 823 3580 glandes
841 3519 1078 3581 Desjardiniauae,
1098 3533 1113 3568 a
1132 3531 1176 3568 me
1195 3522 1250 3569 tam
1268 3518 1320 3570 hae
1337 3532 1420 3584 quam
1440 3520 1615 3584 Bergkianae
1637 3528 1659 3574 48

309 3605 493 3670 suspicionem
513 3607 626 3654 vocatae
645 3601 688 3654 vel
707 3603 850 3653 88888488
875 3607 939 3654 8884
960 3604 1127 3667 (4488848888.
1149 3607 1215 3654 4878
1234 3617 1260 3669 p.
1276 3606 1307 3653 84
1322 3603 1410 3668 sqq),
1435 3603 1557 3671 denique
1579 3623 1598 3660 8
1615 3611 1660 3660 iia-

308 3689 415 3740 88484448
434 3691 461 3739 84
473 3701 516 3738 88
529 3701 552 3738 a.
567 3692 632 3738 4877
653 3701 689 3738 m.
704 3689 776 3754 8884.
790 3688 883 3740 Asculi
902 3689 928 3738 iu
942 3687 1012 3739 hauc
1027 3702 1084 3740 rem
1099 3689 1244 3753 diligenter
1259 3691 1418 3754 inquisitum
1433 3693 1529 3742 884448
1542 3697 1578 3744 84
1599 3697 1624 3745 48
1634 3709 1659 3745 eo

380 3847 403 3907 4)
430 3843 499 3904 Quid
522 3842 645 3893 falsarius
670 3843 741 3908 ipse,
766 3844 885 3908 optimus
903 3855 968 3894 sane
991 3843 1086 3903 iudex,
1113 3844 1149 3894 de
1167 3845 1370 3908 Desjardiniane
1390 3844 1531 3896 fraudium
1550 3861 1659 3900 suarum

310 3931 429 3982 editione
448 3929 573 3992 senserit,
594 3927 663 3978 inira
682 3929 913 3980 commemorabo.

379 4015 402 4078 8)
425 4013 464 4066 Cl.
479 4014 663 4064 8488888888
682 4015 708 4063 48
727 4015 903 4080 ephemeride
916 4015 954 4064 lm
971 4029 1055 4066 88888
1074 4016 1150 4066 lieich
1168 4019 1245 4078 4876,
1260 4016 1283 4064 44
1301 4029 1327 4081 8.
1343 4019 1392 4066 447
1406 4029 1468 4081 888,

379 4101 400 4164 8)
423 4101 547 4164 Magnam
564 4094 658 4149 earnm
677 4099 886 4165 inscriptionum
899 4102 1016 4166 copiam,
1036 4113 1104 4165 quas
1121 4102 1179 4166 ipsa
1197 4100 1330 4152 detexisse
1348 4101 1401 4152 sibi
1415 4105 1490 4154 visus
1509 4109 1582 4170 erat,
1600 4121 1660 4174 quae

308 4191 398 4238 48888
417 4187 529 4236 888488
549 4197 603 4236 888
621 4189 728 4236 exstent
745 4187 772 4236 in
790 4186 946 4250 glandibus,
968 4189 996 4236 48
1015 4187 1186 4250 corrigendis
1205 4187 1260 4237 iliis
1278 4200 1332 4238 ιι88
1350 4190 1447 4253 attigit.

376 4275 400 4334 4)
421 4274 562 4323 Praeterea
581 4271 655 4336 quod
674 4272 865 4336 inscriptiones
884 4273 957 4323 lectu
975 4272 1100 4324 difficiles
1124 4286 1168 4322 me
1186 4273 1307 4336 attigisse
1326 4277 1448 4338 negavit,
1469 4279 1584 4341 egregie
1608 4294 1659 4332 enni

307 4358 361 4410 48444
381 4357 454 4410 8888
472 4371 560 4422 88888
579 4362 606 4408 84
623 4357 658 4408 88
677 4358 848 4421 Desjardinio
868 4363 894 4408 et
913 4373 927 4408 8
947 4359 1061 4423 Bargkio
1080 4361 1139 4424 ipso
1158 4360 1248 4410 miuus
1268 4362 1340 4411 recte
1362 4360 1432 4411 lecta
1449 4361 1659 4426 demonstrent,

307 4459 348 4496 ex.
361 4457 401 4507 gr.
417 4443 475 4505 ati,
492 4447 541 4494 488
555 4445 588 4497 nt.
608 4454 775 4496 ιιινιιιινιι
794 4443 857 4505 legit
881 4445 963 4508 hesi..
990 4445 1063 4495 idem
1089 4449 1181 4510 postea
1207 4443 1300 4495 48884
1322 4457 1487 4502 anvarnus
1509 4441 1659 4503 ‘corr-exii.

306 4541 374 4583 Dori
395 4540 478 4582 mlvii
502 4529 631 4592 Berglrius
648 4541 711 4580 888.
727 4529 812 4580 44888.
825 4533 855 4579 88
869 4545 896 4595 p.
909 4533 941 4580 48
961 4543 1022 4579 888
1042 4529 1158 4592 legisset,
1179 4543 1244 4581 mcx
1261 4544 1351 4582 meam
1370 4533 1516 4584 lectionem
1531 4535 1661 4596 444888848-

305 4616 417 4666 harichis
436 4619 502 4664 4878
527 4628 553 4679 8.
569 4617 612 4663 474
634 4615 697 4676 884.)
725 4625 895 4670 cmvmtvu
918 4617 975 4679 4888
1001 4615 1167 4680 8844888888.
1188 4631 1216 4681 p.
1244 4620 1291 4666 448
1322 4619 1432 4682 recepit.
1482 4618 1559 4670 idem
1591 4624 1660 4673 cdl

306 4714 331 4766 p.
346 4702 376 4751 84
397 4714 450 4752 888
470 4702 545 4750 recte
569 4699 672 4764 legerat
695 4712 843 4766 84804488,
867 4715 947 4766 quem
967 4713 1088 4752 errorem
1107 4703 1189 4752 etiam
1209 4701 1396 4768 lithographus
1414 4706 1474 4755 eius
1493 4707 1520 4756 in
1541 4706 1661 4774 imagine

305 4791 358 4837 tem
378 4787 420 4839 ed.
434 4789 443 4836 4
463 4800 544 4852 quam
564 4787 608 4837 88.
623 4788 646 4837 44
666 4787 787 4837 88848844
801 4787 843 4851 (cl.
858 4789 985 4839 48888488.
1002 4791 1066 4838 4878
1081 4800 1106 4852 8.
1124 4791 1200 4850 474);
1220 4793 1365 4854 postquam
1379 4795 1470 4842 sutem
1484 4789 1553 4842 ibid.
1570 4808 1604 4858 p.
1619 4802 1660 4848 tii

303 4885 400 4923 verum
419 4883 559 4927 88708488
577 4886 627 4936 ego
645 4872 840 4935 demonstravi,
859 4875 885 4923 48
906 4875 1034 4924 contextu
1053 4873 1180 4923 editionis
1191 4873 1213 4922 ll
1232 4888 1258 4940 p.
1273 4878 1320 4924 488
1335 4889 1374 4940 sq.
1393 4876 1462 4927 hanc
1481 4887 1499 4928 τ
1515 4879 1659 4944 probavit.

305 4963 426 5011 ceterum
444 4973 516 5010 ame
542 4961 694 5010 correctam
716 4971 776 5009 esse
800 4962 905 5020 tacens,
931 4960 981 5009 888
1003 4972 1124 5010 errorem
1150 4961 1216 5010 mihi
1242 4963 1268 5011 in
1293 4976 1319 5012 v.
1334 4965 1458 5026 sequenti
1477 4966 1660 5030 insimulans,

304 5051 351 5114 qui
370 5049 461 5100 nullus
473 5051 521 5100 est.
551 5049 621 5098 Nam
635 5047 651 5098 l.
668 5048 686 5101 4.
701 5061 755 5098 888
776 5058 869 5103 ¹¹coes
892 5046 975 5110 edidi,
996 5051 1026 5098 ut
1038 5047 1167 5112 Berglrius
1180 5048 1249 5099 8844.
1264 5063 1290 5113 p.
1304 5054 1335 5100 88
1355 5049 1471 5112 indicat,
1492 5053 1544 5104 sed
1562 5064 1660 5111 urm·

304 5153 392 5203 eoque
409 5138 538 5203 reliquias
551 5139 616 5189 satis
634 5139 762 5188 accurate
775 5133 894 5196 reddidi,
913 5132 1042 5183 videlicet
1053 5134 1133 5197 typis.
1151 5135 1295 5199 inscriptio
1309 5137 1383 5186 enim
1400 5137 1505 5201 integra
1519 5139 1661 5200 (sciliceta

304 5225 413 5278 falsario
434 5224 557 5288 conficta)
577 5227 618 5276 est
635 5235 748 5276 4488448
770 5223 878 5286 (comm.
894 5221 972 5272 8888.
988 5223 1054 5270 4878
1065 5233 1091 5286 p.
1106 5223 1147 5283 88)
1163 5233 1216 5272 888
1231 5225 1260 5272 84
1274 5225 1379 5287 putavit
1391 5224 1524 5287 Bergkius
1545 5239 1660 5284 tiiaMVit

302 5315 350 5364 884
367 5324 485 5367 itanum.
