3470 5932
448 568 750 622 ossuuvumouss
777 569 1067 622 aereusnfflouu.
1349 549 1422 620 tot

93 747 272 822 legionarios
294 744 371 804 duos
395 744 556 804 translatos
583 745 612 802 iu
639 745 790 802 cohortem
812 743 1025 802 Lusitanorum
1048 744 1089 802 ibi
1112 761 1233 820 quoque
1260 743 1425 822 gregalium

94 851 191 907 locum
211 849 342 906 tenuisse
364 847 432 906 iude
454 845 614 924 colligitur,
641 845 722 922 quod
750 846 867 922 utrique
896 846 1075 904 adscribitur
1097 846 1238 904 centuria.
1279 844 1425 904 Minuitur

93 953 272 1028 aliquantum
297 949 456 1028 difficultas
479 967 514 1006 eo
537 948 618 1025 quod
640 966 732 1026 supra
754 949 884 1007 vidimus
907 950 962 1006 huo
982 955 1078 1007 aetate
1098 949 1179 1006 cives
1195 947 1347 1006 Romanos
1362 955 1423 1007 tam

93 1055 124 1111 in
149 1053 263 1112 auxiliis
286 1051 434 1111 meruisse
456 1069 546 1126 quam
566 1051 596 1108 in
617 1051 749 1128 legionc3
773 1051 966 1110 nihilominus
987 1051 1220 1128 legionariorum
1243 1058 1273 1108 et
1294 1051 1423 1109 auxilia-

91 1157 201 1215 riorum
225 1154 362 1214 condicio
389 1173 427 1211 na
455 1153 498 1211 sic
524 1153 643 1230 quidem
671 1163 839 1229 exaequata
865 1161 919 1212 est.
977 1152 1084 1228 Itaque
1116 1152 1245 1211 tortasse
1277 1153 1422 1212 eiusmodi

92 1259 244 1318 translatio
265 1256 389 1335 propria
409 1255 465 1314 fuit
487 1255 637 1314 exercitus
660 1255 838 1334 Aegyptiaci
862 1273 920 1312 non
947 1274 1006 1312 uno
1032 1255 1151 1314 nomine
1180 1273 1198 1312 a
1223 1253 1348 1331 reliquis
1376 1275 1420 1314 re-

91 1361 230 1420 cedentis.

174 1464 206 1521 ln
235 1481 290 1522 usu
317 1461 438 1520 militari
460 1459 600 1520 Latinam
623 1460 754 1536 linguam
783 1479 835 1538 per
865 1461 1034 1519 uuiversum
1061 1460 1218 1536 imperium
1246 1459 1342 1518 solam
1369 1462 1421 1520 ad·

90 1567 211 1625 missam
240 1563 345 1639 useel)
377 1581 511 1640 papyrus
548 1563 622 1620 haec
658 1563 687 1620 in
715 1570 849 1620 extrema
875 1562 1029 1622 Thebaide
1057 1562 1225 1639 conscripta
1252 1565 1418 1623 coufirmat.

92 1669 216 1744 Scripsit
242 1685 308 1726 eam
335 1665 400 1724 aine
427 1665 516 1722 dubio
543 1665 674 1723 cohortis
700 1664 781 1722 illius
807 1665 947 1723 librarius
976 1683 1047 1724 usus
1076 1664 1280 1742 pulcherrimis
1311 1665 1419 1726 litteris

90 1770 256 1845 quadratis3
279 1767 398 1826 nomina
419 1767 545 1824 militum
569 1766 676 1824 deinde
699 1767 824 1824 inseruit
845 1767 1012 1843 praelectus
1027 1767 1158 1844 Aegypti
1180 1777 1230 1825 aut
1253 1785 1307 1825 sua
1328 1787 1418 1827 manu

90 1883 154 1944 aut,
184 1871 262 1947 quod
289 1871 383 1948 magis
405 1869 594 1941 crediderim,
620 1868 801 1944 apparitoris
831 1869 999 1940 cuiusdam,
1029 1869 1203 1928 minusculis
1233 1887 1292 1928 non
1320 1871 1418 1930 miuus

89 1974 177 2032 certis
198 1983 225 2032 et
247 1972 346 2031 claris.
384 1969 492 2046 Neque
514 1981 612 2028 tamen
636 1970 743 2030 desunt
765 1971 837 2029 vitia
859 1989 925 2028 cum
948 1971 1182 2050 orthographica
1202 1970 1417 2048 (Contrapollo

89 2077 197 2152 noapoli
218 2075 243 2146 Ι,
266 2074 283 2131 3
311 2106 352 2116 -
380 2074 483 2132 Sextus
510 2091 689 2148 praenomen
716 2073 911 2150 perscriptum
939 2073 970 2146 1,
997 2073 1035 2130 23
1062 2104 1102 2116 —
1131 2067 1335 2146 Litauicci,
1364 2073 1416 2150 32)

89 2187 151 2235 turn
172 2176 328 2247 sermonis,
352 2185 383 2232 ut
404 2182 473 2233 sunt
494 2175 658 2234 hilarantur
679 2175 704 2246 Ι,
727 2177 744 2234 3
769 2195 823 2252 pro
845 2175 1005 2252 deponenti
1029 2186 1214 2250 usurpatum,
1238 2184 1267 2233 et
1288 2175 1418 2234 formula

89 2283 180 2338 eodem
201 2297 257 2338 coa.
286 2277 313 2350 Ι,
338 2277 386 2335 37.
414 2277 463 2335 40.
486 2275 536 2335 tt.
574 2277 618 2349 ΙΙ,
644 2279 696 2350 10,
728 2278 776 2336 ubi
802 2277 963 2354 requiritur
985 2277 1124 2354 pluralis,
1151 2279 1220 2336 item
1247 2277 1283 2334 de
1310 2279 1415 2354 quihus

90 2401 178 2458 snpra
201 2401 229 2458 p.
247 2378 307 2439 462
330 2379 393 2436 dixi
415 2379 547 2438 additum
575 2380 650 2439 trihu
671 2393 790 2456 praeter
811 2379 1055 2440 consuetudinem
1079 2389 1107 2438 et
1130 2379 1235 2439 domus
1262 2380 1416 2439 enuntiata

89 2483 119 2541 iu
142 2484 202 2542 viro
223 2482 338 2542 ordinis
362 2481 519 2559 equestris.

91 2622 288 2632 --—--—-—-

163 2713 185 2777 ¹)
213 2714 254 2768 Gi.
274 2715 382 2766 Hermes
402 2715 453 2764 vol·
469 2715 501 2764 19
522 2715 606 2779 12²2·
1116 2785 1142 2844 T
1201 2786 1227 2843 ll

1144 2803 1176 2844 Η.
1199 2807 1209 2844 l
1232 2803 1369 2846 OMMSEN·
