3374 5930
346 641 418 716 396
934 661 1116 716 nouussu

182 843 293 896 Munera
420 837 595 918 Sumptibus
618 857 773 898 munerum
796 839 960 900 verisimile
981 849 1027 900 est
1048 839 1212 900 exhaustas
1235 858 1302 900 essa
1323 841 1459 901 fortunas
1487 843 1648 917 privatorum

190 939 290 988 urbana
336 945 430 1022 magis
445 944 475 1002 iu
489 943 581 1004 Italia
596 951 625 1000 et
639 943 669 1001 in
684 941 847 1018 provinciis
862 962 951 1019 quam
967 944 995 1002 in
1012 944 1085 1002 urbe
1095 943 1203 1002 Roma.
1227 943 1287 1002 Hic
1302 945 1380 1004 enim
1393 946 1444 1022 qui
1460 946 1518 1004 soli
1533 965 1567 1004 ea
1580 945 1647 1003 edere

176 1039 201 1082 οἵ
219 1033 304 1082 muni·
336 1049 400 1126 lego
421 1047 598 1107 iubebantur
613 1053 788 1122 quaestores
804 1064 863 1104 non
879 1045 975 1104 solum
999 1048 1085 1122 pauci
1101 1055 1196 1118 eraut,
1219 1047 1377 1106 sedetiam
1395 1067 1506 1126 magna
1526 1067 1563 1107 ex
1583 1057 1646 1124 parte

195 1124 288 1188 cipalis
335 1172 373 1212 ex
393 1151 551 1210 ditissimis
572 1149 739 1226 quibusque
758 1149 895 1208 domibus
916 1149 1087 1224 oriundi¹);
1110 1157 1197 1207 extra
1216 1149 1351 1210 ordinem
1373 1161 1474 1210 autem
1494 1159 1528 1209 ut
1544 1153 1647 1226 impera·

335 1265 415 1315 tores
431 1271 645 1331 saepenumero
661 1253 807 1310 eiusmodi
824 1252 1029 1330 voluptatibus
1052 1253 1197 1329 populum
1210 1254 1357 1312 urbanum
1381 1255 1442 1314 sibi
1455 1254 1648 1321 devinciebam,

334 1359 377 1418 ita
403 1376 472 1416 raro
494 1355 652 1416 admodum
676 1355 900 1433 magistratibus
928 1357 1107 1433 permissum
1135 1371 1202 1414 esse
1225 1356 1356 1429 videtur,
1383 1369 1418 1416 ut
1444 1377 1500 1434 pro
1526 1357 1649 1416 scaenicis

335 1473 365 1520 et
396 1460 578 1520 circensibus
609 1457 805 1537 gladiatorios
835 1457 1012 1534 ederent²)‚
1046 1459 1134 1516 etiam
1163 1457 1259 1516 rarius
1287 1479 1307 1517 a
1333 1460 1462 1535 privatis
1491 1479 1605 1520 munera
1626 1461 1648 1516 in

335 1565 408 1623 urbe
428 1563 526 1622 Roma
551 1561 632 1620 edita
658 1579 741 1632 esse;
768 1568 848 1620 certe
873 1561 952 1638 quod
979 1563 1010 1618 in
1032 1561 1203 1637 municipiis
1224 1579 1313 1638 saepe
1335 1563 1451 1622 iactum
1473 1573 1532 1636 est,
1559 1573 1587 1622 ut
1609 1581 1647 1638 po

334 1667 422 1746 pulos
445 1685 463 1724 a
485 1665 578 1724 divite
600 1664 665 1724 cive
686 1663 773 1722 ludos
796 1663 945 1741 flagitaret
966 1663 1101 1740 adeoque
1123 1665 1370 1743 extorqueret³)‚
1393 1666 1535 1744 inplebo
1556 1667 1648 1724 urbana

334 1772 385 1846 qui
418 1770 507 1828 rebus
541 1775 700 1844 praeerant
731 1785 919 1843 nequequam
952 1767 1171 1828 toleravissent.
1216 1769 1356 1845 Denique
1389 1787 1478 1828 nemo
1506 1787 1563 1826 non
1586 1767 1647 1826 videt

334 1881 515 1950 quantopere
530 1871 696 1947 principum
713 1869 888 1941 interfuerit,
902 1878 935 1928 ut
950 1871 979 1928 in
995 1871 1068 1929 urbe
1078 1869 1178 1930 Roma
1188 1873 1323 1947 privatos
1339 1880 1479 1932 arcerent
1493 1891 1511 1930 a
1526 1871 1647 1948 gladiato·

334 1995 399 2035 rum
420 1976 561 2054 gregibus
583 1973 708 2046 alendis,
732 1971 762 2029 id
784 1973 864 2048 quod
887 1972 1095 2032 aDomitiauo
1117 1975 1282 2052 perfectum
1302 1993 1371 2035 esse
1387 1975 1483 2033 videri
1497 1975 1647 2049 Romaeque

334 2089 439 2157 posteo
460 2096 555 2155 neque
577 2075 775 2152 gladiatorum
799 2075 984 2152 priuatorum
1007 2077 1112 2136 titulos
1130 2096 1225 2154 neque
1246 2077 1430 2137 lanistarum
1453 2078 1572 2156 reperiri
1592 2077 1646 2134 alibi

334 2181 498 2256 ostendi4).
544 2177 632 2240 Certe
658 2179 714 2237 boc
742 2187 864 2237 senatus
891 2178 1060 2238 consultum
1087 2180 1126 2238 ad
1152 2199 1276 2238 munera
1298 2182 1419 2240 urbana
1440 2200 1501 2239 non
1524 2179 1646 2256 persenis

334 2305 401 2344 nam
429 2303 495 2342 cum
517 2281 673 2358 diligenter
696 2290 725 2338 et
750 2280 839 2356 plene
867 2292 1075 2340 enumerentur
1096 2283 1307 2359 magistratus,
1335 2285 1388 2360 qui
1417 2293 1450 2341 nt
1477 2285 1504 2342 ei
1532 2295 1645 2359 pareatur

334 2407 437 2448 curare
459 2387 607 2457 iubentur,
629 2384 772 2442 intereos
794 2401 892 2459 neque
913 2384 1081 2460 praelectus
1102 2386 1169 2444 urbi
1191 2387 1365 2444 nominatur
1388 2405 1486 2463 neque
1508 2385 1579 2443 ullos
1599 2402 1643 2440 ms·

334 2493 479 2568 gistratus
507 2489 640 2546 urbanus
666 2495 695 2544 et
723 2485 884 2545 laudantur
911 2487 1108 2562 imperatores
1130 2487 1214 2565 (23),
1242 2489 1323 2566 quod
1352 2490 1491 2548 lubentem
1515 2491 1643 2548 usitatior.

333 2603 436 2654 stabim
458 2602 484 2651 et
506 2591 731 2668 praecipitantes
754 2591 812 2648 ion
834 2593 865 2646 in
887 2593 986 2648 rainae
1007 2593 1216 2668 principalium
1236 2595 1366 2651 uiromm
1386 2596 1524 2668 fortanus
1544 2592 1593 2648 boc
1609 2607 1641 2646 re·

333 2696 430 2756 medio
456 2696 577 2753 invento
605 2691 797 2751 restituerint.
841 2691 947 2770 ltaque
970 2701 1093 2752 senatus
1115 2694 1297 2768 consultum,
1324 2697 1414 2755 cuius
1443 2705 1552 2773 partem
1574 2692 1661 2770 habe-p

334 2817 409 2872 mus,
432 2807 526 2857 totum
549 2794 727 2870 municipale
743 2803 797 2868 est,
819 2795 861 2853 ita
876 2803 986 2866 tamen,
1009 2805 1041 2854 ut
1063 2815 1124 2855 non
1139 2797 1176 2856 de
1191 2796 1282 2856 ltalia
1303 2799 1528 2876 provinciisque
1548 2811 1637 2854 senato·

333 2903 387 2962 riis
410 2901 485 2961 solis
508 2899 660 2976 disponat,
690 2896 742 2956 sed
765 2905 890 2974 excepta
912 2899 985 2957 urbe
1007 2897 1104 2958 &ma
1126 2899 1163 2957 ad
1186 2901 1356 2960 uuiversum
1380 2903 1537 2978 imperium
1562 2915 1637 2974 pene·

333 3007 409 3076 niat;
432 3013 479 3062 est
501 3003 590 3080 igitur
612 3021 651 3060 ex
673 2999 943 3059 senatusconsultis
964 3001 1012 3074 iis,
1034 3021 1111 3078 quae
1132 3003 1299 3081 posteriore
1321 3013 1424 3064 aetate
1445 3007 1476 3063 in
1497 3004 1585 3079 legum
1602 3019 1636 3074 pi·

332 3107 476 3166 blioarum
500 3104 601 3181 populi
622 3103 753 3164 Meneni
775 3102 871 3162 locum
895 3113 1111 3164 successerunt

1659 3259 1660 3341 l

333 3430 395 3492 uicti
414 3432 530 3510 ipsimae,
551 3439 591 3492 sal
609 3427 639 3490 ai
660 3431 770 3508 ipoesble
790 3439 916 3508 προσκορῆ
936 3428 979 3508 rhu
998 3438 1063 3492 θέαν
1080 3447 1161 3507 ποιοῖς
1183 3445 1236 3494 vita
1254 3446 1281 3506 4,
1296 3446 1326 3494 8:
1344 3443 1403 3509 fln't
1422 3451 1501 3494 auem
1517 3441 1594 3492 multae
1608 3435 1635 3484 a:

332 3537 464 3604 lipentiae,
487 3543 515 3585 ut
534 3541 663 3601 coperetar
681 3549 861 3600 nonnumquam
880 3533 920 3584 ael
938 3536 964 3584 iu
984 3537 1127 3586 venationes
1148 3553 1253 3604 perpere
1272 3537 1314 3587 uel
1332 3538 1359 3587 in
1380 3535 1502 3588 theob-usn
1520 3529 1635 3584 descendo·
1658 3595 1659 3610 χ

331 3630 374 3680 uel
391 3628 541 3696 spectaculis
560 3625 686 3688 interesse)
708 3634 734 3677 et
753 3633 872 3677 testatum
892 3641 908 3676 a
926 3627 1013 3678 Dloue
1033 3629 1088 3690 (71,
1105 3630 1149 3692 29)
1170 3638 1195 3680 et
1214 3630 1282 3680 clare
1301 3631 1364 3680 inde
1384 3637 1501 3695 apparet,
1520 3627 1579 3692 quod
1594 3637 1635 3672 cun

332 3723 488 3789 gladiatores
508 3721 624 3786 publicos
644 3735 676 3770 ex
690 3720 753 3770 urbs
772 3719 806 3769 ad
826 3720 920 3770 bellum
939 3728 1074 3772 evocasset
1092 3720 1156 3784 (vita
1175 3724 1220 3784 21,
1235 3722 1271 3785 t),
1289 3721 1346 3786 fuit
1365 3739 1446 3773 sermo
1466 3719 1531 3789 qaod
1543 3715 1635 3786 populeo
1658 3701 1659 3749 l

333 3815 440 3866 sublatas
460 3811 629 3882 uoluptatibus
647 3812 722 3862 uellet
741 3827 829 3878 capere
849 3811 884 3862 od
897 3811 1087 3881 philosophiam
1107 3813 1170 3875 (vita
1189 3815 1233 3876 23,
1249 3813 1285 3876 5).
1315 3814 1394 3876 Quod
1413 3815 1452 3864 ait
1470 3815 1520 3864 Dio
1538 3813 1552 3860 l.
1564 3827 1582 3858 e.
1597 3806 1635 3871 git·

333 3911 446 3960 diatores
465 3923 524 3958 eum
543 3907 570 3956 in
589 3905 652 3956 urbe
673 3907 781 3956 vetuisse
801 3907 837 3956 uti
858 3908 936 3956 armis
955 3908 1050 3968 auritis,
1073 3907 1184 3958 fortasse
1208 3908 1418 3974 restringendum
1443 3915 1481 3956 est
1503 3905 1534 3955 ad
1554 3910 1635 3952 muner!

333 4003 366 4053 ab
385 4004 441 4066 ipso
461 4001 544 4062 edita;
569 3999 603 4050 ad
623 3999 710 4048 omnia
728 3999 756 4048 id
776 4001 798 4050 si
818 3999 982 4060 extendisset,
1003 3999 1078 4050 ludos
1097 3999 1248 4050 sustulisset.

411 4111 434 4174 ¹)
464 4111 625 4175 Quamquam
653 4124 685 4158 ex
710 4109 750 4159 his
777 4125 879 4174 quoque
902 4125 954 4159 non
978 4111 1066 4174 paucis
1089 4126 1155 4160 onus
1181 4111 1317 4160 molestum
1341 4111 1423 4161 tuisse
1445 4110 1504 4160 inde
1526 4104 1633 4168 colligitur.
1657 4079 1658 4155 l

334 4205 402 4271 quod
423 4203 573 4254 Alexander
592 4209 739 4267 quaestores
759 4216 812 4265 eos,
836 4203 880 4266 qui
900 4201 1019 4267 deinceps
1040 4205 1131 4252 arcarii
1152 4204 1326 4264 nominantur,
1352 4205 1390 4253 ita
1410 4203 1533 4262 liberarit,
1557 4210 1580 4246 ut
1595 4209 1633 4244 ut·

334 4313 396 4348 nera
415 4297 519 4346 ederent
538 4296 570 4344 de
589 4309 649 4344 arca
668 4295 722 4344 fisci
743 4301 767 4343 et
787 4295 905 4358 parciora
924 4293 987 4356 (vita
1006 4295 1084 4345 Alex.
1099 4296 1147 4356 433
1168 4293 1327 4346 Stuotsrecht
1346 4297 1372 4357 2,
1388 4295 1460 4356 534).

410 4405 434 4469 ²)
464 4408 594 4470 Augustus
619 4405 647 4454 id
671 4405 728 4454 fleri
754 4405 834 4454 vetuit
859 4405 908 4454 nisi
932 4419 964 4454 ex
988 4412 1091 4455 senatus
1115 4407 1231 4456 consulto
1258 4407 1324 4465 (Dio
1344 4405 1394 4467 54,
1414 4405 1445 4467 2)
1468 4419 1545 4468 neque
1567 4399 1631 4448 aliur

333 4515 468 4552 munerum
492 4498 545 4548 alia
568 4498 687 4561 exempla
711 4505 781 4547 certa
805 4497 890 4547 inveni
916 4503 1018 4562 praeter
1036 4498 1063 4546 id
1083 4499 1152 4563 quod
1171 4500 1208 4548 ait
1227 4499 1333 4549 Tacitus
1352 4497 1411 4548 bist.
1426 4501 1450 4560 2,
1465 4497 1498 4547 95
1516 4511 1531 4545 a
1548 4489 1629 4544 consuli·
1656 4499 1657 4563 l

334 4595 380 4642 bus
405 4591 559 4642 celebratum
584 4604 639 4639 esse
664 4590 745 4638 natali
770 4589 812 4638 die
831 4589 929 4638 Vitellii
955 4590 1059 4639 vicatim
1083 4597 1108 4639 et
1133 4591 1201 4656 quod
1227 4591 1365 4641 Marcellus
1384 4591 1445 4654 Dig.
1461 4589 1503 4648 35,
1522 4591 1544 4648 l,
1562 4583 1630 4643 3611-

334 4693 460 4736 memorat
487 4684 584 4733 editum
609 4697 626 4731 a
648 4683 754 4732 consulo
780 4683 922 4746 designato.
966 4681 1035 4732 Nam
1063 4697 1130 4748 quae
1157 4692 1295 4734 narrantur
1319 4685 1351 4733 de
1379 4685 1447 4734 ludis
1469 4681 1554 4732 Albini
1578 4685 1629 4741 prae

335 4779 398 4828 toris
418 4778 481 4838 (vita
500 4775 561 4825 Alb.
576 4775 601 4836 6,
619 4773 644 4834 7)
664 4781 689 4823 et
709 4773 837 4825 Gordiani
856 4775 947 4824 aedilis
967 4773 1030 4834 (vita
1050 4775 1074 4836 3,
1091 4775 1127 4836 5),
1147 4790 1237 4840 parum
1256 4777 1309 4826 fida
1327 4783 1394 4837 suut,
1413 4784 1439 4825 et
1457 4787 1540 4823 renus
1556 4769 1590 4834 qui
1606 4767 1627 4812 le·

334 4873 402 4936 gitur
421 4869 489 4934 apud
509 4867 657 4917 Iuvenalem
678 4867 770 4928 8,191
791 4881 848 4915 cum
868 4867 926 4916 aliis
946 4881 978 4915 ex
995 4868 1079 4917 causis
1097 4868 1222 4918 insiticius
1236 4868 1336 4918 videtur
1354 4883 1409 4918 esse
1429 4875 1479 4916 tum
1499 4862 1560 4931 quod
1577 4869 1626 4924 prii
1655 4903 1656 4906 ,

335 4971 403 5014 tores
422 4962 470 5012 hac
488 4967 572 5011 aetate
592 4965 692 5010 constat
711 4973 818 5009 munera
837 4959 909 5008 nulla
928 4959 1047 5009 edidisse.
1655 4917 1656 4971 l

412 5069 435 5133 ³)
465 5071 602 5124 Suetonius
627 5069 701 5132 (Tib.
721 5068 770 5130 37)
799 5077 887 5119 narrat
910 5069 1084 5120 Pollentinam
1113 5071 1214 5136 plebem
1242 5071 1318 5122 lunus
1342 5071 1470 5122 cuiusdam
1493 5059 1628 5134 primipilus

335 5181 387 5216 non
415 5165 485 5228 prius
510 5179 542 5214 ex
566 5163 624 5212 foro
648 5162 747 5212 misisse
773 5178 845 5229 quom
870 5169 968 5212 extorto
989 5163 1116 5230 pecunia·
1127 5179 1174 5232 per
1197 5165 1246 5214 eim
1271 5161 1402 5216 heredibus
1423 5161 1457 5214 od
1477 5154 1627 5227 pladiotorits

334 5273 428 5308 munus.

411 5363 436 5424 ⁴)
467 5366 577 5416 Hermae
597 5365 648 5414 rol.
663 5367 695 5414 21
716 5381 742 5430 p.
757 5366 818 5418 aad.
850 5362 1007 5418 Stuatsrecht
1027 5364 1058 5418 2³
1081 5383 1106 5433 p.
1121 5367 1191 5419 1071
1212 5383 1237 5420 n.
1253 5368 1278 5418 3.
