3374 5930
416 672 716 726 OBSERVATIONES
735 672 1022 725 EPIGRAPHICAE.
1306 652 1379 726 413

67 867 109 923 per
128 847 259 926 singulos
286 865 382 908 annos
407 849 438 906 in
466 848 571 908 fiscum
599 847 715 907 illatum
742 865 809 906 esse
836 846 1006 906 sestertium
1035 845 1186 905 ducenties
1216 845 1381 920 (4350000

66 950 155 1024 marc.)
182 961 213 1009 et
237 952 396 1010 trecenties
418 949 577 1026 (6526000
599 951 705 1026 marc.)
732 969 797 1010 cum
824 959 924 1009 666666
946 949 1119 1022 contendat,
1147 968 1303 1009 munerum
1330 969 1382 1008 ex·

66 1063 138 1131 66666
158 1053 345 1114 6666116666
366 1055 603 1131 6666616666666
627 1053 781 1130 imperium
805 1053 948 1112 adhibitis
970 1052 1089 1112 lanistis
1112 1051 1257 1112 editorum
1280 1070 1381 1131 sump-

65 1165 103 1214 tus
123 1175 238 1216 annuus
259 1156 414 1216 adscendit
440 1157 478 1216 66
505 1175 669 1216 marcarum
698 1156 837 1215 miliones
865 1156 982 1216 circiter
1003 1155 1119 1234 viginti.
1163 1156 1259 1215 Addit
1283 1157 1381 1216 oratio

64 1258 167 1334 reliqua
190 1259 369 1320 lanistarum
397 1269 457 1318 6666
484 1278 559 1318 cum·
579 1267 702 1320 senatus
730 1259 896 1318 consultum
924 1259 1036 1318 factum
1062 1267 1110 1318 est
1141 1259 1314 1334 pervenisse
1343 1259 1381 1318 ad

64 1362 218 1420 sestertium
241 1363 428 1440 quingenties
451 1361 632 1438 (10876000
652 1361 770 1438 mara),
797 1361 849 1421 sed
873 1379 1003 1421 summae
1026 1361 1089 1420 eius
1111 1361 1239 1440 ingentis
1265 1373 1380 1440 partem

63 1463 112 1522 iam
133 1465 175 1524 eis
197 1465 310 1524 remitti
331 1466 362 1524 in
384 1464 527 1524 solacium
550 1471 693 1541 quaestus
714 1465 771 1522 666
792 1464 857 1540 lege
880 1465 1061 1541 aliquantum
1085 1463 1212 1524 infracti.

134 1566 268 1626 Pretium
291 1567 466 1646 gladiatoris
488 1567 662 1644 plerumque
678 1566 805 1626 solvitur
819 1567 958 1640 lanistae,
980 1567 1094 1626 scilicet
1111 1586 1176 1626 cum
1192 1569 1221 1626 16
1237 1569 1379 1626 harenam
1418 1573 1538 1624 Praemia

63 1669 175 1728 mittitur
197 1689 237 1728 ex
258 1671 343 1744 ludo,
370 1689 466 1747 neque
489 1689 524 1728 ec
547 1671 666 1729 6666166
688 1669 828 1729 differunt
849 1669 998 1746 gladiator
1019 1687 1125 1729 servus
1147 1678 1177 1728 et
1198 1678 1379 1730 auctoratus.
1414 1668 1539 1718 victorum

62 1769 137 1831 Nunc
160 1772 279 1832 demum
301 1773 442 1832 discimus
470 1773 632 1849 aliquando
653 1776 842 1850 praecipuum
863 1775 998 1832 mercedis
1025 1773 1072 1850 (ut
1093 1773 1260 1851 appellatur
1282 1793 1308 1833 6.
1325 1775 1380 1852 45)

63 1873 209 1951 adipsum
230 1875 425 1954 gladiatorem
449 1875 632 1954 pervenisse.
669 1875 808 1952 Intellegi
829 1875 947 1935 ridetur
968 1884 1085 1953 pactum
1108 1877 1326 1952 interpositum,
1349 1887 1383 1936 ut

60 1977 192 2050 pretium,
221 1979 258 2036 de
285 1997 345 2054 quo
371 1981 448 2038 inter
475 1979 617 2038 editorem
647 1986 678 2036 et
702 1979 841 2038 lanistam
869 1989 1061 2052 6666666666,
1091 1980 1122 2038 16
1147 1980 1313 2058 gladiatore
1339 1979 1382 2038 ita

60 2090 175 2156 excepto
204 2091 358 2158 augeatur,
385 2081 411 2141 si
437 2081 541 2142 vicerit
567 2089 597 2140 66
629 2081 735 2158 quinta
764 2081 882 2158 quidem
911 2083 997 2158 pretii
1026 2083 1194 2154 accederet,
1223 2083 1248 2142 si
1276 2100 1381 2142 servus

60 2193 143 2254 66666,
171 2192 280 2260 quarta
304 2185 336 2243 in
362 2184 470 2258 libero,
501 2184 639 2242 nimirum
667 2191 819 2242 auctorato
830 2183 868 2259 ¹).
912 2183 1122 2262 Explicabitur
1146 2185 1204 2256 ita,
1230 2185 1381 2262 quomodo

59 2284 82 2340 in
102 2285 277 2361 gladiatore,
298 2286 370 2346 licet
389 2287 485 2346 editor
507 2305 574 2345 eum
597 2305 655 2344 666
678 2286 857 2346 conduceret
875 2305 894 2342 6
913 2287 1030 2360 lanista,
1053 2287 1107 2347 ssd
1125 2288 1275 2364 emptione
1294 2305 1380 2348 suum

58 2385 172 2460 1666666,
200 2389 392 2449 nibilominus
414 2407 527 2448 merces
548 2389 646 2448 locum
669 2389 818 2460 babuerit;
846 2407 915 2446 nam
938 2390 962 2448 si
986 2391 1028 2448 ita
1049 2390 1158 2450 lanista
1180 2409 1246 2448 cum
1269 2390 1380 2449 editore

59 2490 208 2562 contrabit,
239 2501 273 2550 ut
299 2491 398 2550 decem
426 2493 562 2552 homines
589 2499 661 2570 puta
689 2492 716 2549 ei
744 2491 853 2550 666666
880 2493 976 2568 666616
1004 2493 1139 2550 binorum
1167 2493 1295 2565 milium,
1324 2511 1379 2570 pro

60 2592 210 2652 victoribus
234 2595 364 2672 quinque
386 2593 529 2655 accedant
551 2593 669 2671 singula
684 2593 775 2666 milia,
799 2603 917 2672 pactum
933 2595 1094 2654 venditioni
1117 2595 1264 2654 adiectum
1286 2615 1379 2673 prope

61 2695 161 2753 accedit
188 2695 225 2754 ad
254 2697 431 2756 locationem
461 2697 566 2769 talem,
595 2675 711 2773 qualem
741 2696 777 2754 de
802 2697 1018 2775 gladiatoribus
1042 2695 1137 2757 Gaius
1166 2707 1380 2756 commemorat

61 2793 96 2870 (p.
110 2797 165 2856 tlt
190 2809 250 2858 not.
267 2797 310 2874 2).
347 2799 389 2858 Hi
411 2799 548 2858 ridentur
570 2817 636 2858 esse
658 2817 784 2876 quorum
807 2797 1007 2874 Suetonius²)
1030 2801 1163 2858 meminit
1184 2800 1273 2859 oblati
1293 2805 1378 2858 uicto·

60 2899 127 2958 61166
148 2904 243 2973 aurei,
271 2919 347 2978 quos
371 2909 554 2979 spectatores
576 2921 641 2960 voce
663 2904 815 2978 digitisque
837 2911 1032 2960 numerarent.
1078 2900 1137 2975 Qui
1164 2922 1222 2962 non
1245 2923 1283 2962 ex
1307 2903 1377 2962 ludo

60 3003 129 3060 venit
149 3003 306 3080 gladiator,
329 3005 355 3064 is
379 3015 491 3064 utnon
515 3007 621 3063 emitur
640 3005 677 3064 ab
693 3004 815 3076 editore,
837 3004 888 3064 sod
903 3005 1087 3076 conducitur,
1110 3005 1151 3063 ita
1173 3006 1199 3062 ei
1222 3005 1278 3082 ipsi
1303 3025 1379 3063 mer-

59 3119 99 3160 ces
125 3106 265 3178 solvitur3
298 3107 350 3166 sed
378 3127 444 3166 cum
474 3109 504 3165 in
533 3109 673 3166 harenam
703 3107 852 3184 gladiator
878 3107 978 3166 nullus
1007 3108 1141 3166 mittatur
1167 3108 1221 3166 nisi
1249 3109 1279 3166 in
1307 3107 1378 3166 ludo

59 3208 241 3282 exercitatus,
271 3209 458 3268 solummodo
487 3210 519 3268 id
546 3211 646 3269 evenit
671 3211 701 3268 16
729 3209 878 3268 666166116.
922 3209 1030 3287 166666
1059 3210 1095 3268 66
1124 3211 1219 3288 666616
1249 3211 1291 3268 166
1318 3211 1380 3270 sol·

58 3309 142 3367 66666
164 3311 334 3387 specialiter
352 3319 475 3371 6666666
497 3332 524 3370 6.
542 3311 595 3370 616
620 3312 756 3371 liberatas
780 3315 806 3372 61
827 3315 978 3370 discrimen
998 3316 1212 3372 instauraverit.
1250 3310 1325 3371 Cum
1347 3312 1377 3370 id

56 3413 192 3488 6666666
214 3414 312 3473 solum
334 3425 518 3474 auctoratum
540 3415 700 3474 liberatum
722 3414 917 3492 6666166661),
939 3414 1116 3492 gladiatoris
1138 3423 1237 3474 autem
1260 3434 1298 3472 ex
1318 3433 1377 3474 ser-

57 3513 137 3573 ritute
158 3523 281 3594 propter
302 3517 456 3577 victoriam
478 3517 595 3578 liberati
618 3517 720 3576 eadem
745 3517 878 3576 condicio
901 3517 949 3590 sit,
972 3516 1150 3576 credendum
1174 3526 1219 3576 est
1241 3517 1378 3594 sequenti

57 3617 152 3691 capite,
174 3619 254 3696 6666
276 3619 385 3693 deficit,
407 3620 443 3678 de
467 3621 522 3678 666
543 3626 661 3680 cautum
683 3620 783 3680 luisse.

127 3719 284 3796 Impensas
306 3724 437 3782 muneris
452 3733 684 3782 consentaneum
700 3731 746 3782 est
758 3722 807 3782 vel
827 3723 957 3782 maxime
972 3741 1008 3782 eo
1024 3731 1128 3782 auctas
1144 3741 1222 3796 esse,
1244 3725 1322 3802 quod
1345 3725 1375 3784 in

54 3819 259 3893 gladiatoribus
284 3825 361 3884 notis
384 3835 414 3884 66
435 3826 542 3885 amatis
565 3833 617 3884 aut
637 3825 774 3898 lanistae,
798 3826 824 3884 si
846 3833 929 3884 erant
945 3825 1079 3898 6661666,
1103 3834 1155 3885 666
1177 3827 1235 3902 1661
1256 3827 1374 3886 11666661

54 3920 175 4000 iugentia
195 3929 292 4006 pretia
311 3929 481 4006 exigebant,
503 3929 700 4005 novimusque
716 3949 734 3988 a
749 3927 872 3988 Tiberio
895 3929 1042 3987 rudiarios
1066 3929 1210 4007 quosdam
1233 3931 1264 3990 in
1286 3931 1373 3990 hare·

57 4113 248 4128 ³¹*-

121 4259 143 4322 ¹)
171 4262 271 4312 Eodem
295 4269 409 4327 spectare
428 4263 529 4313 ridetur
551 4263 623 4313 16666
647 4263 751 4313 mutilus
770 4263 876 4328 Ulpiani
889 4263 949 4314 Vat.
968 4263 1000 4314 16.
1016 4267 1049 4315 72
1074 4265 1111 4315 616
1130 4265 1184 4316 1666
1203 4266 1372 4332 66661666666

52 4343 134 4408 [iidem
153 4353 275 4414 (Sabinus
293 4363 318 4404 66
332 4353 445 4416 Cassius)
457 4355 571 4421 finctum
590 4355 694 4423 oper]ae
712 4353 885 4422 gladiatoriae
904 4357 958 4406 sias
977 4357 1054 4419 (sarri
1073 4357 1264 4420 usufructuarii)
1284 4355 1373 4424 as[pns

53 4439 83 4488 ad
100 4447 214 4510 66666616
228 4445 376 4511 fructuario
392 4447 498 4515 pata]nt
516 4455 651 4516 competere
664 4463 756 4516 posse.-
775 4455 803 4498 ut
821 4465 879 4499 aero
897 4447 1011 4516 papn[et,
1031 4451 1089 4517 cepi
1106 4467 1154 4501 nan
1169 4451 1265 4518 posse].
1297 4453 1372 4504 Scili-

52 4543 85 4583 cet
103 4536 234 4590 fructuarii
254 4555 308 4590 666
327 4542 410 4592 solum
428 4542 539 4607 pretium
558 4542 587 4592 lit
603 4541 636 4592 ab
651 4543 748 4592 editore
761 4549 930 4605 numeratum,
951 4543 996 4592 666
1015 4544 1130 4608 praemia
1145 4560 1246 4610 quoque
1258 4545 1372 4596 61666616.

118 4627 141 4691 ²)
170 4631 263 4683 01666.
282 4635 326 4683 21.
363 4629 463 4684 Lances
480 4633 607 4701 denaque,
627 4649 693 4701 quae
712 4634 813 4684 fortiter
831 4634 1002 4700 pugnantibus
1020 4637 1185 4687 Domitianus
1204 4637 1273 4688 misit
1292 4639 1371 4700 (6166·

49 4718 321 4788 6611666666.16,9),
347 4727 453 4778 omnino
472 4727 566 4778 dantur
584 4733 658 4778 extra
681 4727 798 4778 ordinem
824 4735 994 4794 poteruntque
1018 4730 1138 4796 componi
1158 4746 1214 4780 cum
1235 4730 1310 4781 donis
1329 4731 1370 4793 iis,

50 4827 107 4874 6666
127 4817 261 4880 praesides
286 4819 329 4884 661
356 4819 424 4870 16616
447 4820 622 4870 166666661666
648 4820 725 4870 166116
752 4821 863 4871 tribuere
887 4821 971 4873 solent
996 4823 1136 4873 secundum
1160 4823 1371 4874 mnstitntionem

50 4917 71 4952 6.
84 4908 132 4958 toa
151 4925 229 4975 supra
247 4926 273 4975 p.
288 4911 342 4962 404
360 4913 446 4962 6660
467 4913 578 4964 citatam.

115 4997 138 5062 ¹)
165 5003 253 5053 Verba
277 5011 394 5055 extrema
418 5005 539 5071 abrupta:
564 5007 588 5054 is
612 5021 706 5072 quoque
730 5007 774 5074 661
795 5007 879 5058 senior
902 5013 976 5074 atque
995 5004 1159 5072 in[lt]abt'lior
1178 5023 1278 5076 operam
1301 5025 1371 5060 auom

50 5086 117 5142 denua
210 5111 373 5162 nequaquam
399 5097 432 5148 ad
456 5099 626 5164 gladiatorem
650 5115 683 5149 666
707 5100 829 5151 servitute
855 5101 989 5152 liberatum
1019 5107 1044 5150 et
1067 5102 1093 5151 in
1116 5101 1240 5152 harenam
1264 5117 1369 5153 666666-

50 5187 96 5233 tum
120 5187 207 5239 referri
231 5196 353 5255 possunt,
380 5191 426 5240 aed
444 5191 545 5242 ridetur
563 5191 701 5256 gladiatori
726 5191 834 5242 liberato
858 5200 963 5258 propter
982 5194 1102 5244 victorias
1121 5195 1217 5260 opponi
1237 5202 1369 5260 exemptus

51 5289 143 5342 propter
162 5287 273 5333 aetutem
292 5283 333 5333 661
353 5283 520 5334 debilitatem.
558 5283 590 5334 16
610 5299 661 5349 666
681 5291 778 5350 6666666
801 5301 853 5335 666
878 5287 1018 5351 6666616166
1044 5288 1133 5337 missio
1153 5295 1220 5338 certe
1243 5287 1293 5339 buc
1316 5302 1369 5339 666

51 5371 158 5438 pertinet,
177 5391 234 5426 cum
255 5375 374 5428 condicio
394 5375 546 5442 gladiatoris
564 5391 610 5441 per
629 5391 687 5430 eam
708 5391 759 5428 non
779 5383 891 5429 mutetur
910 5377 949 5440 (0.
964 5379 985 5430 Ι.
999 5379 1029 5431 1..
1043 5379 1078 5443 X,
1094 5377 1185 5444 7697).
