3470 5932
415 675 720 728 oasanvarronas
745 675 1033 728 aercaaearcsa.
1313 649 1386 728 463

80 845 223 906 CXXXVI
251 848 366 908 cohorti
392 850 536 909 miliariae
563 849 732 926 adscriptus
758 851 802 908 ita
827 851 985 908 conveniat
1011 868 1077 908 cum
1105 867 1229 908 numero
1257 851 1388 926 peditum

80 949 204 1010 CCCLX
227 952 408 1011 tendentium
430 973 484 1029 per
505 953 599 1012 denos
622 952 758 1011 homines
780 951 984 1028 papilionibus
999 949 1057 1008 LX
1078 959 1107 1008 et
1128 951 1259 1026 equitum
1276 951 1389 1012 CCXL

79 1054 240 1113 tendentium
267 1073 321 1130 per
354 1055 491 1113 homines
523 1071 612 1113 senos
643 1065 673 1113 et
702 1053 906 1114 centurionum
938 1053 1187 1129 decurionumque
1219 1055 1389 1114 habentium

79 1157 225 1231 papiliones
252 1157 387 1234 singulos
415 1157 469 1231 (76
484 1171 519 1220 -t-
534 1158 575 1216 40
590 1169 625 1221 -t-
643 1157 679 1216 10
695 1171 730 1220 -t-
748 1156 816 1232 10);
844 1157 895 1215 aed
921 1155 1103 1232 papilionum
1132 1157 1300 1214 distributio
1328 1168 1391 1216 tota

79 1257 101 1313 in
120 1261 282 1318 coniectura
302 1259 402 1336 posita
424 1269 469 1318 est
491 1259 542 1335 (cs.
563 1279 588 1318 c.
606 1258 669 1335 28).
718 1259 782 1317 lam
806 1277 938 1336 papyrus
961 1259 1034 1316 haec
1057 1277 1152 1316 meam
1175 1259 1390 1318 ordinationem

79 1361 228 1434 confirmem
258 1381 328 1420 nam
350 1371 412 1421 tres
434 1362 608 1421 decuriones
631 1381 695 1420 cum
719 1361 834 1420 scribat
854 1361 948 1420 luisse
973 1362 1003 1418 k.
1027 1361 1101 1433 lan,
1128 1371 1264 1437 quartum
1293 1363 1389 1421 locum

79 1475 215 1522 recentem
237 1465 339 1540 explet
361 1464 494 1524 adlectus
517 1484 555 1523 ex
578 1465 626 1522 ala
647 1465 678 1522 ΙΙ
701 1464 852 1522 Thracum
875 1463 914 1538 (I,
939 1462 1003 1539 25).

147 1565 270 1623 Numeri
291 1578 351 1624 tam
375 1567 522 1643 equitum,
550 1568 576 1626 si
598 1566 804 1626 dromedarios
826 1566 1117 1642 comprehendimus,
1145 1585 1231 1642 quarn
1260 1569 1390 1643 peditam

77 1667 210 1743 legitimos
233 1687 292 1726 non
315 1669 451 1740 multum,
474 1669 527 1726 sed
549 1677 647 1728 tamen
670 1669 831 1739 excedunt;
855 1669 963 1726 cohors
984 1668 1180 1744 quingenaria
1200 1689 1266 1728 cum
1283 1671 1393 1728 habeat

78 1770 178 1843 pedites
194 1767 345 1842 CCCLX,
368 1772 483 1848 equites
500 1771 589 1830 CXX
612 1791 672 1830 nou
693 1772 873 1848 computatis
895 1771 1117 1830 centurionibus
1139 1789 1194 1830 sex
1214 1783 1243 1828 et
1258 1772 1391 1830 decurio·

77 1871 149 1928 nibus
170 1883 321 1948 quattuor,
350 1875 413 1932 veri
436 1873 550 1933 numeri
571 1874 702 1932 cohortis
725 1874 814 1932 huius
843 1875 873 1932 lr.
896 1873 960 1930 Ian.
983 1892 1010 1930 a.
1029 1873 1087 1932 156
1114 1874 1234 1932 fuerunt
1262 1875 1392 1950 peditum

78 1971 267 2048 CCCLXIII,
296 1978 427 2052 equiturn
455 1987 484 2035 et
511 1976 765 2034 dromedariorum
789 1975 967 2036 CXXXIII.
1018 1976 1108 2034 Aucti
1136 1977 1249 2034 numeri
1277 1978 1314 2035 ad
1342 1979 1393 2036 ad·

76 2087 226 2137 crescentes
244 2080 275 2136 in
298 2081 406 2138 castris
429 2085 515 2138 natos
538 2081 595 2137 etsi
616 2087 745 2156 possunt
766 2079 880 2150 referri,
903 2079 998 2156 magis
1021 2077 1197 2137 crediderim
1219 2079 1276 2137 bac
1298 2089 1394 2140 aetate

76 2197 120 2238 eos
145 2181 270 2239 nondum
298 2182 462 2240 matriculis
490 2181 620 2240 insertos
648 2181 742 2240 fuisse
768 2191 798 2239 et
824 2181 1013 2258 cogitandum
1045 2199 1110 2240 esse
1138 2181 1174 2238 de
1202 2199 1393 2259 supernume-

76 2283 161 2354 rariis,
183 2283 288 2359 quales
310 2303 364 2360 per
383 2285 483 2342 omnia
501 2302 629 2361 corpora
650 2285 762 2360 passim
785 2284 984 2342 offenduntur.

149 2384 362 2444 Dromedarioa
395 2403 508 2463 paucos
541 2385 572 2443 ia
598 2386 722 2445 cohorte
751 2387 938 2464 Aegyptiace
965 2386 1097 2462 equitata
1127 2387 1231 2444 turmis
1261 2389 1393 2464 equitum

76 2485 191 2546 insertos
214 2506 282 2547 esse
305 2488 527 2563 (dromedarius
548 2488 574 2546 is
597 2489 680 2547 cuius
702 2489 812 2547 mentio
835 2489 868 2547 fit
889 2487 914 2559 I,
938 2487 975 2546 33
1006 2489 1036 2546 in
1060 2499 1157 2546 turma
1179 2489 1235 2546 fuit
1262 2500 1314 2547 aut
1337 2491 1394 2546 Ar·

78 2589 201 2648 tenidori
222 2591 262 2662 ΙΙ,
286 2590 302 2647 t
326 2599 378 2650 aut
402 2589 537 2652 Salviaai
558 2590 599 2662 II,
624 2591 675 2666 10)
698 2611 758 2650 non
781 2591 953 2650 mirabimur
975 2597 1005 2648 et
1025 2589 1112 2648 facile
1136 2591 1165 2648 id
1189 2591 1396 2650 conciliabitur

77 2710 133 2749 eum
153 2693 370 2770 improbatione
392 2711 465 2751 usus
488 2692 589 2752 bellici
610 2693 791 2752 camelorum
814 2693 893 2768 apud
910 2691 1066 2770 Vegetium
1084 2693 1112 2762 3,
1133 2691 1181 2750 23.
1226 2694 1303 2753 Ales
1326 2693 1395 2752 dro-

78 2795 264 2854 medariorum
292 2806 362 2867 tres,
390 2813 464 2872 quas
487 2797 518 2854 ia
540 2795 695 2854 Thebaide
720 2794 839 2854 Notitia
860 2803 994 2854 recenset
1020 2794 1089 2869 (Or.
1113 2795 1161 2866 31,
1185 2796 1235 2854 48.
1259 2797 1306 2854 54.
1331 2797 1395 2872 tt),

78 2899 242 2972 cognomina
263 2898 425 2957 ostendunt
446 2899 608 2956 constituta
629 2915 697 2958 esse
719 2905 816 2956 aetate
838 2897 1038 2956 Diocletiana.

150 2999 247 3078 Leges
274 3001 425 3059 exercitus
455 3000 629 3076 supplendi,
658 3001 764 3076 quales
791 3001 982 3059 obtinuerunt
1011 2999 1090 3075 apud
1116 2999 1270 3059 Romanos
1299 3001 1396 3060 medio

79 3103 186 3160 saeculo
209 3123 237 3179 p.
256 3101 326 3162 Chr.
350 3103 491 3174 secundo,
514 3103 571 3160 boc
591 3102 689 3160 indice
712 3103 812 3160 viride
834 3102 901 3162 luce
923 3102 1120 3161 illustrantur.

152 3202 211 3278 Qui
233 3205 411 3283 adlegantur
432 3224 498 3264 cum
526 3204 669 3282 originem
697 3205 878 3280 adscriptam
905 3223 965 3263 uon
992 3205 1135 3276 habeant,
1164 3205 1202 3264 ad
1225 3208 1396 3283 Aegyptum

77 3305 178 3365 ducunt
199 3316 229 3366 et
250 3307 371 3368 nomina
392 3306 589 3384 quorundam,
613 3315 646 3364 ut
668 3307 780 3364 Anubis
803 3307 843 3381 (l,
867 3305 932 3382 38),
960 3305 1125 3366 Ammonius
1149 3307 1187 3383 (I,
1210 3310 1280 3385 43),
1308 3309 1399 3368 Petat-

77 3409 233 3484 reo..(11‚
257 3409 310 3485 35)
333 3409 523 3469 coniunctum
550 3410 615 3466 siae
637 3409 728 3468 dubio
751 3428 818 3467 cum
842 3417 913 3467 noto
937 3409 1080 3468 vocabalo
1103 3411 1290 3488 Aegyptiace
1312 3403 1398 3468 Ilerd-

78 3531 150 3592 crprc,
178 3521 207 3570 et
229 3513 325 3587 ipsum
349 3511 386 3570 de
408 3511 523 3589 origiue
545 3511 713 3582 silentium;
739 3511 866 3587 denique
889 3531 956 3570 cum
977 3513 1088 3570 milites
1109 3512 1274 3590 imperante
1296 3513 1399 3572 Murco

76 3623 202 3690 receptos
225 3615 255 3672 in
277 3614 426 3692 legIonem
448 3614 655 3672 Alexandreae
679 3624 778 3672 castra
798 3613 956 3672 habentem
979 3615 1017 3671 ad
1039 3633 1130 3672 unum
1154 3634 1257 3674 omnes
1286 3617 1401 3692 origine

78 3717 236 3793 Aegyptios
260 3717 353 3776 luisse
379 3715 544 3776 ostenderit
570 3717 674 3774 titulus
702 3714 823 3774 o.1.1..
847 3716 893 3774 111
917 3714 953 3788 S,
982 3716 1078 3790 6580,
1106 3719 1200 3776 multo
1227 3719 1322 3794 magis
1352 3737 1401 3776 co-

78 3815 169 3878 bortes
195 3820 225 3877 in
253 3821 394 3898 Aegypto
424 3820 622 3878 consistentes
651 3817 867 3895 supplementis
896 3817 1101 3896 indigenarum
1132 3821 1205 3878 solis
1238 3838 1311 3880 usae
1341 3822 1402 3880 sint

79 3937 192 3982 necesse
220 3933 275 3982 est.
334 3922 446 3980 Milites
475 3922 624 3980 auxiliarii
651 3940 717 3980 cum
748 3921 843 3979 solum
872 3922 1021 3980 ethnicum
1050 3923 1211 3982 adsumant
1236 3924 1336 3999 itaque
1364 3923 1400 3981 ad

78 4040 172 4083 omues
191 4024 247 4084 hoc
266 4023 412 4083 laterculo
427 4023 660 4101 comprehensos
676 4023 780 4083 eadem
798 4023 881 4101 origo
895 4027 1009 4082 natione
1024 4023 1182 4101 Acqpptr'us
1197 4027 1352 4102 perveniat
1362 4027 1402 4102 ¹),

79 4141 219 4203 peraeque
240 4127 353 4186 amissa
374 4135 427 4186 est

153 4229 202 4288 Ad
225 4230 351 4288 militum
374 4229 578 4288 condiclonem
601 4229 718 4288 civilem
741 4229 821 4306 quod
839 4230 953 4302 attinet,
976 4238 1123 4305 quatenus
1139 4231 1290 4289 nominum
1306 4231 1403 4290 forma

79 4329 110 4388 dc
130 4352 166 4390 ea
187 4332 357 4404 edocemur,
379 4352 416 4390 ne
438 4334 550 4390 tirones
573 4333 691 4407 quidem
715 4350 818 4391 omnes
842 4333 992 4408 peregrini
1014 4333 1087 4390 iuris
1109 4333 1241 4405 fuerunt,
1272 4335 1402 4410 exempli

80 4451 164 4492 causa
185 4435 235 4510 qai
258 4435 354 4510 primo
377 4434 443 4492 loco
465 4436 635 4492 nominatur
658 4434 697 4509 (l,
721 4433 775 4510 29)
799 4435 883 4493 miles
906 4436 1002 4492 factus
1025 4454 1063 4492 ex
1082 4454 1210 4512 pagano,
1235 4436 1329 4494 tribus
1351 4455 1402 4493 no·

79 4536 200 4596 minibus
223 4537 362 4596 civilibus
384 4537 552 4614 appellatur
580 4537 617 4594 A.
640 4537 766 4595 Flavius
790 4536 1008 4613 Vespasianum
1038 4539 1183 4596 accedunt
1209 4539 1346 4597 translati
1373 4539 1403 4596 in

79 4639 222 4698 eohortem
245 4659 284 4699 ex
306 4640 423 4716 legione
444 4639 485 4710 ΙΙ,
508 4637 638 4698 13-21,
680 4639 787 4714 Itaque
810 4649 928 4698 vetusta
950 4639 1108 4713 ordinatio,
1130 4621 1292 4698 secundum
1315 4659 1402 4716 quam

79 4740 145 4799 ciris
167 4742 324 4800 Romanus
347 4761 405 4801 non
433 4743 566 4799 merebat
591 4741 668 4799 inter
694 4739 862 4818 auxilial),
893 4743 990 4800 medio
1018 4743 1138 4800 sacculo
1166 4742 1298 4800 secundo
1326 4752 1405 4800 certe

118 4853 277 4860 -—-..----

151 4908 173 4970 ¹)
192 4910 304 4960 Militem
325 4909 432 4959 alarium
452 4909 492 4958 rel
512 4909 669 4958 cohortalem
690 4909 847 4974 Aegyptiam
867 4923 1021 4974 quamquam
1041 4909 1125 4960 adbuc
1147 4909 1246 4960 nullum
1266 4910 1406 4960 habeamus

79 5001 197 5065 ortginem
221 5003 414 5063 enuntiantem,
445 5002 636 5052 classiariorum
660 5001 727 5050 tituli
752 5001 865 5066 (Ephv
889 5017 914 5067 p.
936 5001 997 5063 196)
1026 5002 1054 5051 id
1083 5001 1212 5072 ethnicum
1241 5003 1324 5052 solum
1351 5002 1406 5052 Iure

80 5103 227 5155 agntrseunt.
254 5095 395 5146 Auxillan'i
415 5095 436 5144 si
456 5095 501 5158 qui
519 5093 623 5144 luerunt
642 5109 675 5142 ex
696 5093 857 5144 Alexandria
876 5093 1033 5144 Paraetonio
1053 5094 1213 5144 Ptolemaide
1233 5095 1349 5156 oriundi,
1374 5111 1406 5144 ne

80 5182 116 5233 his
138 5189 239 5251 quidem
267 5187 376 5236 civitatis
401 5187 553 5236 vocabulum
579 5187 690 5236 adscribi
715 5185 816 5249 debuit,
844 5201 901 5236 cum
928 5187 956 5236 in
981 5187 1084 5236 auxiliis
1109 5187 1237 5237 ethnicum
1263 5188 1407 5252 requiratur

80 5275 192 5332 (Hermes
215 5281 257 5341 18,
279 5279 397 5343 25seq.)

151 5369 175 5436 ²)
195 5371 311 5439 Exposui
331 5373 364 5421 de
384 5387 414 5422 ea
433 5373 459 5421 in
480 5373 590 5423 Hermae
610 5372 660 5422 rol.
678 5373 710 5421 16
729 5388 755 5438 p.
770 5372 821 5422 461
835 5387 888 5437 seq.
908 5373 951 5434 (et.
972 5372 1022 5422 vol.
1039 5373 1071 5422 19
1092 5387 1115 5436 p.
1130 5375 1185 5433 to).

1142 5481 1197 5540 30*
