3374 5930
288 619 367 692 426
870 637 1053 690 nouusuu

295 829 336 888 L.
355 829 468 888 Naeuio
493 827 641 888 Eaacesta
668 831 818 888 sacerdote
839 831 901 888 dici
921 827 1074 905 Aap(actr)
1097 837 1124 887 et
1145 828 1308 904 dotatore)
1329 828 1461 906 offcium)
1485 827 1636 903 Malacae

294 930 375 1008 rum)
398 929 560 1007 0(ortpaae
587 931 835 1006 c(ooeirteatiam).
877 931 914 990 ln
941 950 1065 990 numero
1092 929 1341 989 reclamationum
1368 932 1635 1007 imperatoriae-um,

298 1033 350 1110 qui
371 1033 460 1092 debet
482 1049 550 1090 esse
571 1031 638 1090 1111
660 1032 791 1106 (Eelrhel
807 1033 836 1102 7,
850 1032 935 1106 171),
957 1033 1086 1090 fortasse
1107 1033 1319 1107 quadrantius
1339 1033 1461 1092 errarit.
1498 1031 1567 1088 Ἠ)
1587 1046 1635 1089 cc
1675 1023 1676 1026 ¹

298 1149 382 1194 acc
401 1134 528 1194 Thenon
550 1134 642 1204 dedit,
664 1147 862 1193 0·c·tt·0·c
882 1133 1044 1193 Halbherr.
1061 1167 1100 1178 —-
1122 1134 1347 1193 Decurionatus
1369 1153 1438 1192 cum
1458 1153 1521 1191 non
1540 1134 1634 1190 referri

298 1246 390 1312 queat
410 1236 468 1294 nisi
491 1235 529 1292 ad
551 1235 686 1294 ordinem
702 1232 949 1311 Gortynensium‚
970 1234 1103 1295 notabile
1125 1247 1172 1294 est
1193 1237 1230 1294 de
1251 1255 1289 1294 ea
1310 1253 1441 1304 summa,
1464 1253 1533 1292 cum
1554 1233 1636 1293 iufer-
1675 1259 1676 1304 1

298 1346 382 1396 retur
404 1357 422 1396 a
443 1339 507 1395 cive
528 1336 679 1405 Romano,
701 1355 762 1394 uon
783 1337 916 1396 ordinem
937 1338 1107 1412 disponere,
1130 1338 1183 1396 sed
1205 1337 1285 1396 cives
1305 1336 1464 1395 Romanos
1488 1335 1634 1410 Gortynae
1675 1325 1676 1410 l

298 1438 508 1498 consistentes.
557 1436 619 1498 Sed
647 1455 715 1496 cum
744 1455 890 1516 persaepe
918 1439 1119 1515 negotiatores
1144 1439 1275 1497 Romani
1302 1439 1333 1496 in
1360 1435 1496 1496 Graecia
1524 1437 1636 1514 oppidis

300 1540 500 1598 consistentes
525 1539 557 1597 in
583 1539 658 1597 actis
687 1540 815 1614 publicis
840 1539 884 1598 ita
909 1541 1026 1599 civibus
1047 1540 1257 1617 adiungantur,
1284 1549 1317 1598 ut
1337 1549 1496 1616 tamquam
1518 1539 1633 1596 alteram

298 1641 433 1700 civitatis
459 1651 575 1717 partem
602 1658 728 1716 eamque
754 1643 852 1719 magis
878 1643 1055 1700 honoratam
1082 1641 1228 1714 efficiant,
1258 1641 1297 1698 ad
1323 1641 1379 1700 hoc
1405 1659 1533 1717 quoque
1554 1639 1635 1698 facile

299 1743 451 1819 perveniri
471 1741 576 1818 potuit
610 1738 690 1802 Sane
712 1761 778 1801 cum
802 1743 981 1822 colligentur
1002 1743 1166 1820 aliquando
1188 1751 1219 1800 et
1239 1753 1394 1801 auctorum
1419 1743 1483 1802 loci
1504 1753 1536 1800 et
1554 1741 1633 1810 tituli,

299 1844 410 1920 quibus
432 1843 537 1901 borum
560 1845 782 1921 negotiatorum
804 1846 940 1904 condicio
961 1845 1153 1920 municipalis
1175 1845 1353 1916 declaratur,
1379 1846 1464 1903 iuter
1485 1845 1542 1902 bos
1563 1841 1631 1902 Gor·

297 1945 436 2022 tyuensis
458 1945 604 2020 insignem
626 1945 726 2005 locum
748 1947 870 2006 tenebit.

297 2200 323 2260 6
349 2201 447 2272 basis,
473 2201 505 2260 iu
530 2203 616 2260 ouius
643 2211 730 2280 parte
757 2204 912 2282 superiore
932 2205 1060 2281 vestigia
1086 2215 1156 2264 eunt
1181 2212 1301 2263 statuae
1323 2204 1351 2262 ei
1372 2204 1550 2279 impositae,
1574 2200 1629 2258 lato

340 2301 412 2361 att
428 2322 482 2376 m.,
509 2303 674 2362 altitudinis
701 2304 846 2380 incertae,
873 2325 939 2364 cum
961 2324 1032 2383 pers
1055 2305 1172 2381 sepulte
1193 2305 1233 2365 sit
1253 2305 1333 2364 inter
1353 2305 1468 2364 rudera
1488 2303 1627 2364 basilicae

340 2402 498 2482 Gortynae
520 2404 588 2464 loco
609 2406 743 2482 antiquo.

770 2505 1104 2550 sonrvuarrnrrvs

791 2607 977 2651 servrurvs
992 2622 999 2636 ·
1016 2608 1037 2649 v
1057 2595 1104 2651 cll

791 2708 982 2752 cousvcnnrs
1004 2709 1137 2753 cvnnvrr

791 2903 807 2944 Ε
817 2895 837 2947 Φ
847 2903 863 2944 Ε
872 2901 892 2944 C
903 2902 921 2944 T
931 2901 985 2943 ut't
998 2900 1021 2944 0
1032 2900 1051 2944 C

791 3003 831 3046 ΤΗ
848 3003 973 3046 ΕΠΟΥΔΗ
987 3001 1049 3045 THC

792 3104 956 3150 snctnrtfflc
984 3102 1156 3146 naonoott

791 3205 854 3250 Tot
870 3205 1030 3250 norietor
1046 3205 1108 3248 TllC

791 3306 1071 3350 mutrononewc

295 3446 452 3508 Halbherr
474 3449 632 3525 descripsit
654 3457 683 3507 et
705 3447 797 3507 dedit.

339 3550 566 3610 Fortunatioaas
589 3549 733 3610 Serviliae
754 3549 829 3625 νῦν)
853 3549 1060 3624 coemamus)
1082 3548 1245 3607 consulario
1266 3553 1389 3607 curavit.

336 3649 501 3728 ι’φεπῶτος
522 3655 557 3730 τῇ
578 3647 693 3730 σπουδῇ
713 3653 763 3721 τῆς
785 3643 945 3720 βασιλικῆς
963 3639 1120 3718 Rationalis
1144 3650 1298 3728 (expectes
1317 3641 1492 3715 Καλᾶποδος
1511 3652 1554 3710 vel
1571 3654 1620 3705 llo·

292 3747 443 3830 teratino)
465 3754 518 3810 τοῦ
538 3755 678 3828 >inspectori
699 3753 750 3824 τῆς
771 3743 974 3834 perpendisset.

337 3851 447 3913 Cretae
475 3855 647 3930 provinciae
676 3875 695 3914 a
721 3863 829 3930 quarto
857 3861 937 3913 certe
966 3853 1085 3912 saeculo
1112 3854 1244 3928 praefuit
1271 3855 1442 3914 consularis
1472 3855 1621 3929 eodemque

293 3962 430 4031 tempore
443 3953 581 4031 Gortyna
594 3957 770 4032 metropolis
787 3956 884 4014 locum
900 3955 1028 4014 obtinuit
1048 3955 1219 4029 (Hierocles
1235 3957 1355 4033 synecd.
1371 3976 1400 4033 p.
1415 3957 1487 4029 649,
1506 3955 1541 4016 C.
1552 3957 1574 4014 Ι.
1585 3953 1618 4012 G.

293 4075 323 4114 u.
345 4055 441 4124 2592,
468 4059 548 4132 cet).
592 4058 629 4115 Ei
657 4079 754 4118 rerum
783 4059 875 4117 statui
904 4058 951 4115 hic
980 4057 1085 4115 titulus
1111 4059 1263 4130 convenit,
1291 4076 1475 4134 quamquam
1499 4076 1561 4116 com
1585 4072 1618 4110 ex

292 4166 379 4233 parte
403 4155 513 4216 Latine
541 4159 670 4236 scriptus
697 4161 751 4232 sit,
781 4159 911 4218 sortasse
938 4157 1051 4216 saeculi
1077 4159 1215 4217 exeuntis
1242 4160 1321 4217 tertii
1345 4161 1444 4237 magis
1470 4170 1517 4218 est
1539 4175 1617 4234 quam

290 4259 401 4334 quarti.

292 4513 412 4573 7-10
436 4515 514 4574 tituli
538 4517 609 4574 stilo
632 4519 736 4592 scripti
758 4518 806 4576 vel
829 4520 932 4594 potius
954 4519 1047 4576 minio
1068 4517 1151 4594 picti,
1173 4517 1284 4593 reperti
1305 4518 1336 4576 in
1358 4519 1424 4592 ripe
1446 4517 1508 4576 Nili
1530 4514 1616 4572 orien-

333 4617 388 4673 tali
414 4618 492 4675 inter
515 4616 609 4694 Girge
637 4629 666 4677 et
687 4619 862 4696 Menscbiye
890 4619 981 4694 (quoe
1008 4619 1065 4678 suit
1085 4618 1252 4677 Ptolemais
1272 4617 1413 4694 Hermio)
1438 4620 1468 4676 in
1495 4617 1615 4680 collium,

332 4718 384 4795 qui
410 4719 549 4778 dicuntur
570 4719 860 4794 DJebel-el-Tukh,
888 4722 1059 4795 lapicidinis
1080 4720 1206 4779 vetustis
1233 4721 1271 4777 ed
1294 4720 1534 4797 septentrionem.
1573 4713 1615 4770 Et

332 4821 437 4879 debore
462 4822 496 4878 dc
522 4821 689 4881 l’oaeertare
715 4823 749 4879 de
776 4822 806 4880 la
832 4825 957 4881 contire
975 4823 1037 4896 j’ae'
1065 4823 1162 4881 acuet
1183 4824 1223 4881 lec
1244 4832 1332 4881 testea
1353 4821 1404 4881 dee
1424 4819 1615 4880 constrictione

331 4926 370 4981 oie
392 4923 495 4982 e'taient
516 4922 594 4997 lepte
617 4925 657 4981 lea
680 4925 792 4983 caldata
815 4925 850 4982 de
874 4923 903 4981 la
922 4926 1014 4999 parde
1036 4921 1151 4984 sires.

670 5079 686 5136 7
922 5097 1015 5140 ouva

895 5199 968 5241 rora
985 5213 992 5227 ·
