3466 5926
277 591 369 642 xvrn
846 579 1049 635 Psansarlo.

280 759 387 825 denda
416 766 465 818 est
491 748 675 839 Ἀρτέμιδος,
714 771 809 834 quarn
839 771 983 816 mancam
1011 751 1109 816 brisso
1138 755 1339 818 coniecerim.
1394 757 1430 818 ln
1459 757 1511 820 bis
1534 759 1638 840 igitur

283 865 421 927 Deorum
444 859 572 922 nomina
594 857 745 938 inscripta
768 865 859 938 sunt,
885 875 958 919 cum
980 859 1014 918 in
1040 857 1159 919 Latinis
1181 856 1352 938 glandibus
1373 859 1518 923 numinis
1540 879 1639 924 men-

279 969 324 1031 tio
351 967 481 1027 inventa
511 963 552 1024 sit
580 960 669 1024 nulla
704 957 753 1042 [ol.
778 959 819 1022 ad
848 978 880 1021 ιι.
906 956 990 1041 W).
1021 993 1065 1006 -
1091 960 1237 1042 benique
1270 961 1410 1042 insignia
1442 963 1476 1024 in
1501 965 1635 1028 Graecis

280 1087 408 1153 quoque
430 1064 601 1149 glandibus
623 1069 862 1145 repraesentata
877 1070 953 1123 sunt
976 1071 1039 1124 tam
1054 1061 1204 1126 adiuncta
1227 1065 1434 1146 inscriptione
1450 1085 1550 1148 quam
1565 1070 1635 1132 sola

278 1175 392 1258 posita,
412 1167 470 1232 sed
484 1168 604 1230 maiore
620 1167 789 1244 varietate;
817 1165 1029 1228 inveniuntur
1043 1165 1129 1227 enim
1145 1184 1259 1246 equus,
1279 1166 1466 1250 bueranion,
1490 1173 1632 1254 scorpio,

279 1294 429 1359 serpens,
460 1271 561 1350 stella,
596 1268 728 1350 fulmen,
754 1267 885 1346 tridens,
915 1268 1015 1346 clava,
1048 1269 1155 1349 pugio,
1187 1267 1377 1350 bipennium
1399 1270 1488 1350 trias,
1521 1273 1635 1337 bastae

279 1381 387 1462 cuspis
413 1375 497 1460 (lolio
520 1374 658 1456 similis),
685 1370 894 1452 agricolarum
917 1369 1004 1433 furca
1032 1367 1125 1450 (siout
1147 1370 1181 1432 in
1203 1391 1332 1435 nummo
1354 1373 1536 1457 llataponti)
1547 1376 1586 1459 ¹).

852 1627 1060 1638 ——uuu—

710 1835 941 1908 ELENCHVS
975 1835 1194 1908 LOCOllVlll.

365 2033 497 2108 Locum,
534 2026 592 2089 ubi
615 2022 746 2106 glandes
776 2031 922 2104 repertae
944 2023 1028 2102 sint,
1064 2021 1198 2085 definire
1222 2023 1351 2086 maximi
1381 2043 1451 2088 esse
1478 2030 1632 2090 momenti

280 2134 485 2200 manifestum
508 2138 573 2210 est,
607 2130 714 2208 itaque
737 2125 777 2188 de
800 2127 860 2189 bac
883 2145 918 2187 re
946 2134 1091 2188 accurate
1120 2126 1274 2206 inquisivi
1297 2136 1330 2190 et
1351 2145 1434 2208 quae
1456 2131 1532 2192 sciri
1555 2149 1634 2212 pos-

279 2241 345 2303 sint
367 2234 526 2299 adnotavi.
578 2234 681 2311 Saepe
710 2239 817 2292 autem
846 2229 1063 2292 testimonium
1093 2229 1188 2310 plane
1214 2228 1339 2310 deficit,
1376 2249 1426 2294 ex.
1453 2251 1503 2312 gr.
1529 2233 1632 2296 musei

280 2337 479 2406 Kircberiani
501 2335 576 2399 olim
599 2341 761 2397 curatores
777 2332 968 2415 plerumque
991 2351 1031 2394 ne
1053 2332 1112 2394 boc
1126 2331 1258 2413 quidem
1273 2331 1518 2414 adnotaverunt,
1543 2334 1631 2398 unde

280 2441 478 2524 accepissent
500 2437 662 2520 glandem.
709 2437 745 2498 ln
767 2435 808 2498 iis
830 2436 1010 2497 coniectura
1040 2433 1183 2498 iacienda
1206 2444 1255 2498 est
1277 2454 1318 2497 ex
1340 2437 1558 2518 inscriptione,
1590 2457 1634 2501 ex

279 2544 404 2629 plumbi
433 2553 489 2606 aut
518 2543 696 2604 litterarum
724 2537 840 2620 forma,
875 2535 1017 2618 denique
1048 2556 1089 2600 ex
1116 2537 1312 2618 reliquarum
1347 2537 1493 2601 eiusdem
1527 2543 1632 2604 musei

278 2647 441 2733 glandium
464 2645 599 2726 origine;
633 2662 674 2705 ex
704 2660 753 2722 gr.
784 2640 888 2704 musei
910 2640 1148 2721 Santangeliani
1173 2659 1283 2704 omnes
1305 2639 1493 2722 Asculanos,
1528 2645 1631 2707 musei

279 2751 424 2815 Perusini
440 2768 506 2812 una
525 2755 659 2829 excepta
674 2763 784 2807 omnes
807 2745 974 2806 Perusinas
989 2762 1060 2805 esse
1075 2743 1144 2804 veri
1163 2754 1212 2805 est
1227 2745 1436 2806 simillimum.
1453 2747 1630 2809 —Verum

281 2859 377 2918 etiam
399 2853 456 2917 ubi
479 2850 660 2914 testimonia
675 2856 811 2926 exstant,
837 2846 985 2909 cautione
1000 2865 1080 2926 opus
1097 2855 1144 2908 est
1167 2855 1199 2908 et
1215 2845 1403 2926 videndum,
1428 2867 1469 2910 ne
1485 2849 1513 2910 is
1529 2849 1627 2930 locus,

279 2959 336 3023 ubi
355 2965 462 3038 empta
484 2963 533 3018 est
548 2953 650 3036 glans,
676 2953 746 3033 ipsa
768 2951 838 3013 eius
860 2949 947 3030 origo
970 2967 1040 3011 esse
1064 2957 1203 3029 putetur,
1230 2968 1303 3010 nam
1326 2950 1481 3013 eiusmodi
1503 2953 1630 3016 reculae

279 3061 371 3126 facile
393 3061 456 3123 huc
477 3057 554 3121 illue
574 3063 741 3138 portantur
768 3051 818 3133 (cl.
837 3071 890 3114 ex.
908 3070 955 3132 gr.
975 3053 1055 3128 bro,
1081 3051 1116 3112 bl
1134 3073 1159 3116 a.
1177 3071 1209 3126 ι,
1236 3053 1276 3113 66
1292 3051 1330 3133 a),
1357 3071 1439 3115 neve
1462 3051 1632 3119 lraudibus

278 3163 492 3245 decipiamur,
529 3155 788 3240 quandoquidem
824 3172 887 3217 non
916 3156 1018 3216 solum
1048 3153 1168 3216 falsarii
1199 3153 1257 3216 sed
1291 3156 1385 3218 etiam
1418 3157 1631 3236 genuinamm

278 3265 479 3344 venditores,
511 3271 548 3325 ut
570 3260 668 3323 merci
697 3259 838 3341 pretium
867 3265 1018 3338 augeant,
1052 3257 1206 3336 originem
1230 3256 1352 3337 fingere
1374 3258 1485 3320 solent.

365 3367 494 3431 Subieci
518 3365 685 3428 elenchum
710 3363 867 3440 locorum,
900 3358 1020 3441 quibus
1050 3359 1182 3441 glandes
1205 3360 1315 3421 Latine
1344 3360 1515 3443 inscriptas
1537 3383 1631 3428 aece-

282 3475 390 3556 pimus
412 3479 555 3551 repertas
577 3485 659 3545 esse,
685 3463 845 3528 adiunctis
867 3464 908 3525 iis
930 3463 1037 3525 ltaliae
1060 3461 1217 3543 partibus,
1243 3461 1329 3524 unde
1352 3463 1484 3543 glandes
1507 3467 1558 3528 vel
1582 3469 1633 3529 in-

280 3575 453 3656 scriptione
476 3579 623 3635 carentes
646 3569 697 3630 vcl
719 3586 782 3630 non
806 3567 915 3628 Latine
939 3565 1110 3646 inscriptae
1132 3575 1361 3648 provenerunt.

323 3679 353 3739 l.
378 3677 424 3738 De
446 3674 610 3753 Asculo,
644 3669 867 3752 Gorropolt',
904 3669 1105 3730 Tortoreto
1133 3667 1208 3730 vide
1236 3667 1277 3731 ad
1300 3667 1433 3750 glandes
1454 3669 1629 3735 Asculanos

378 3801 412 3862 p.
431 3781 450 3840 3
466 3797 537 3859 sqq.
585 3773 679 3850 Quod
694 3772 734 3835 ad
754 3775 904 3836 Tortoreto
919 3773 1042 3850 attinet,
1069 3771 1100 3832 b.
1119 3769 1280 3833 baddone
1302 3771 1390 3852 libet,
1418 3791 1500 3853 quae
1515 3775 1632 3837 Neme-

380 3885 447 3946 sius
463 3880 567 3960 Ricci,
594 3879 621 3941 le
637 3875 784 3940 eatichitd
798 3875 868 3938 dell'
883 3894 959 3957 apro
976 3875 1133 3937 Polmccsc
1147 3893 1181 3954 p.
1201 3873 1240 3934 li
1256 3887 1409 3937 memorat
1425 3895 1431 3935 :
1457 3877 1583 3939 latente
1599 3877 1631 3941 al

377 3984 513 4068 pomemb
536 3981 619 4045 dello
645 3980 724 4042 Gittd
749 3979 884 4062 (Palmae
906 3977 1055 4056 Picenae,
1083 3995 1179 4058 quam
1202 3977 1236 4038 in
1258 3975 1351 4039 dorso
1374 3979 1505 4058 montis,
1531 3979 1631 4042 valles

378 4087 527 4151 Vibratae
550 4093 582 4148 et
597 4082 741 4146 Salinelli
764 4081 954 4162 separantis,
974 4083 1167 4144 aTortoreto
1189 4080 1386 4144 occidentem
1402 4099 1515 4144 versus
1535 4083 1628 4145 sitam

379 4210 449 4254 esse
472 4187 605 4270 censet),
628 4185 884 4268 princepalmente
905 4185 955 4246 sul
980 4184 1054 4247 colle
1076 4201 1165 4248 verso
1186 4185 1333 4265 avane,
1359 4185 1474 4247 cnolle
1492 4186 1630 4266 planura

378 4293 412 4357 di
426 4291 527 4374 Populi
547 4309 563 4352 e
580 4291 795 4368 Gammoroce,
820 4289 850 4350 si
870 4294 1036 4350 aovorooo
1059 4288 1147 4350 molta
1164 4285 1297 4371 gitanda
1318 4287 1430 4349 missili
1447 4287 1482 4350 di
1498 4287 1627 4369 plomba,

378 4397 415 4459 ed
438 4395 549 4459 alcuna
570 4393 672 4456 baono
695 4392 713 4455 l'
738 4389 875 4474 epigrose
896 4390 930 4452 di
951 4409 1034 4464 ιτιι,
1060 4409 1108 4453 ιιι
1133 4388 1218 4474 [vido
1240 4408 1273 4452 ιι.
1300 4391 1363 4470 t,s
1393 4400 1425 4452 et
1447 4411 1480 4452 n.
1499 4391 1529 4471 6,
1548 4390 1588 4474 ι].

321 4501 352 4563 2.
380 4497 546 4562 Castalio
569 4496 609 4558 di
630 4495 753 4558 Ocrio.
799 4495 877 4556 Eam
899 4493 1054 4575 originem
1077 4502 1216 4556 notatam
1238 4492 1301 4571 legi
1325 4493 1358 4553 in
1381 4491 1507 4555 duabus
1536 4496 1628 4575 glan-

379 4601 476 4665 dibus
498 4599 723 4680 anepigrapbis
746 4595 849 4660 musci
872 4595 1069 4658 llircheriani
1092 4615 1126 4656 n.
1144 4594 1206 4657 326
1223 4601 1256 4655 et
1270 4593 1345 4655 337.
1392 4594 1630 4677 intellegendus

378 4703 603 4768 videturesse
628 4719 699 4764 eum
722 4701 868 4762 Fiorellio
891 4699 979 4762 locus
1002 4698 1131 4780 quidam
1154 4697 1337 4778 provinciae
1358 4697 1547 4778 Aquilanae,
1573 4699 1628 4760 ubi

378 4817 483 4870 exstat
505 4807 596 4868 vicus
622 4805 699 4867 Ocra
722 4813 754 4866 et
776 4821 866 4866 mons
892 4803 992 4866 Ocrio.
1036 4799 1083 4863 Gi.
1111 4800 1203 4882 Corp.
1223 4801 1265 4861 lx
1287 4819 1321 4881 p.
1340 4801 1414 4861 sta.

321 4913 354 4973 3.
378 4912 576 4973 Etruscas
611 4905 743 4989 glandes
764 4906 873 4970 Asculi
902 4913 1046 4986 repertas
1077 4904 1248 4965 memoravi
1271 4921 1304 4964 n.
1324 4901 1377 4964 lb.
1425 4903 1553 4965 Praeter
1575 4922 1629 4966 aas

381 5012 511 5076 aliunde
534 5013 741 5074 innotuerunt
762 5009 832 5091 bae,
859 5027 938 5090 quas
960 5027 978 5070 e
1001 5007 1163 5069 revisum
1186 5006 1288 5068 esth.
1314 5006 1335 5066 l.
1361 5023 1562 5086 componere.

277 5169 485 5181 ——u———n

348 5257 373 5318 t)
394 5253 506 5306 Glandis
523 5253 697 5304 Atheniensis
715 5250 784 5302 duas
801 5249 892 5302 ululas
916 5247 1069 5300 exhibentis
1092 5245 1223 5310 [Visebat.
1245 5245 1375 5310 Sebrittea
1395 5247 1417 5298 ll
1440 5259 1467 5312 p.
1483 5247 1542 5310 tat)
1561 5245 1629 5299 tides

281 5341 348 5392 mihi
366 5340 474 5392 videtur
492 5341 620 5404 suspecta
638 5351 706 5397 esso,
728 5349 790 5386 nam
809 5336 941 5400 imagines
960 5335 1072 5386 incussa
1092 5335 1164 5384 sunt.
