3402 5924
544 585 704 636 omnbus
722 586 878 638 SPVRIAE.
1332 577 1380 649 93

33 775 128 840 000400
141 781 208 826 4000
220 777 363 828 4440444044
382 789 529 828 044040040
541 777 734 838 excitarentur,
749 803 784 812 -
796 778 969 836 Gerruccius,
991 779 1112 843 inquam,
1127 782 1174 844 qui
1193 781 1269 845 prius
1286 780 1320 832 de
1333 781 1384 834 bac

35 874 61 910 re
73 866 203 923 44000404,
223 864 317 928 000444
333 869 394 928 0444
413 864 441 912 40
458 863 554 914 04444440
565 862 692 922 0044.Χ,4
710 863 782 926 (Dec.
795 865 871 925 4477)
893 867 978 928 pito
989 877 1049 930 sqq.
1070 869 1097 916 et
1115 865 1149 928 x,
1165 870 1179 916 4
1201 867 1290 930 (biart
1307 871 1381 930 4878)

32 961 57 1011 0.
72 951 119 998 747
135 961 198 1014 sqq.
221 949 257 1000 04
280 949 424 1014 glandibus
447 948 484 1000 ab
505 949 614 1000 talsano
637 949 773 1000 Asculano
797 963 885 1014 00044
904 944 1062 1016 ‘impressis'
1084 952 1222 1004 disserens
1248 953 1383 1020 44400000

31 1045 110 1098 00040
134 1035 191 1084 dixi
215 1037 415 1086 commentaria
440 1048 496 1086 000
517 1036 690 1096 memoravit,
723 1034 771 1086 400
792 1037 869 1100 quasi
889 1037 947 1100 ipse
965 1038 1070 1101 primus
1093 1037 1239 1090 detexisset
1262 1039 1383 1092 iraudem

29 1122 165 1184 coarguit,
195 1123 315 1186 insuper
331 1121 377 1182 iis,
404 1134 476 1186 0004
495 1134 545 1172 000
567 1122 595 1172 40
620 1122 689 1172 Bait.
709 1119 767 1172 deii'
790 1121 853 1174 44444.
876 1125 941 1171 4877
960 1137 987 1188 p.
1004 1127 1125 1188 474000.
1146 1138 1179 1176 44
1193 1123 1384 1177 effossionibus

30 1209 127 1256 uostris
144 1209 273 1272 00404440
288 1207 458 1266 dixeramus,
479 1207 507 1256 40
520 1205 715 1257 dubitationem
729 1219 826 1258 vocare
845 1219 927 1258 00000
946 1209 1018 1258 40040
1030 1213 1191 1273 0400440040
1210 1210 1285 1262 00440
1303 1211 1385 1264 014040

30 1293 71 1356 [04.
91 1308 163 1358 0000
181 1295 242 1344 dixi
263 1295 300 1345 00
318 1307 345 1343 n.
362 1298 391 1342 40
404 1307 531 1357 quaeque
549 1291 710 1343 Gabrieiiius
729 1295 825 1344 contra
838 1293 1017 1346 Garruccium
1029 1295 1157 1346 disseruit
1175 1297 1202 1346 40
1221 1297 1282 1363 0044.
1297 1291 1386 1350 4000-

28 1382 87 1430 iane
106 1379 135 1430 4.·“
148 1394 195 1432 000
212 1383 257 1431 004
282 1381 372 1430 Tranio
390 1383 422 1428 43
437 1380 501 1430 Dec.
521 1379 609 1442 4877).
646 1378 720 1430 40044
738 1381 829 1430 004004
848 1379 1012 1432 6044000400
1030 1383 1101 1432 40404
1125 1384 1229 1446 primos
1247 1383 1311 1443 4044,
1338 1387 1384 1448 004

26 1480 104 1517 cusas
128 1479 179 1530 pro
205 1468 338 1530 genuinis
358 1465 495 1516 ediderint
523 1465 556 1528 (v.
579 1465 614 1514 00
633 1479 659 1514 0.
675 1460 779 1528 444540
807 1465 986 1530 00004004440
1010 1467 1122 1530 0400040
1146 1470 1203 1534 4000
1229 1470 1382 1534 adquisivit,

27 1568 94 1617 quas
119 1567 135 1602 0
161 1552 282 1602 40400440
304 1551 436 1602 40004000
458 1543 621 1616 ‘impressas'
647 1563 706 1602 esse
736 1555 829 1615 000440
855 1551 985 1604 iuteliexit
1007 1553 1114 1616 (0404440
1132 1554 1193 1616 44,4
1213 1569 1239 1620 p.
1259 1559 1304 1604 744
1327 1571 1382 1622 00.;

25 1639 59 1689 04.
72 1645 86 1688 5
100 1654 127 1704 p.
144 1641 226 1701 748);
249 1638 350 1688 4004040
367 1636 491 1687 4040440440
508 1639 564 1686 4004
581 1649 708 1688 00004040
728 1649 811 1702 00040
829 1639 981 1688 0044404004
1000 1651 1088 1702 00000
1105 1645 1234 1692 accurate
1254 1643 1384 1694 indicavit

29 1739 118 1789 00000
136 1724 256 1774 videtur
275 1723 340 1774 satis
353 1723 475 1773 novisse:
495 1735 559 1773 nam
573 1722 600 1772 40
612 1721 720 1785 Sylloge
732 1737 756 1772 a.
773 1726 839 1772 4877
854 1735 894 1788 00.
910 1724 1064 1776 nouaclum
1078 1724 1160 1776 404400
1175 1730 1262 1778 040004
1274 1729 1385 1779 14440440-

26 1813 94 1861 44004
108 1826 136 1860 n.
153 1811 186 1860 4·Ι
200 1824 280 1875 sqq.,
300 1821 464 1874 0000400440
478 1809 503 1858 04
516 1809 586 1858 40444
598 1808 777 1872 0000440404οο
789 1822 838 1874 004
851 1809 950 1862 0404400
962 1823 1049 1860 00000
1066 1823 1112 1862 400
1125 1813 1279 1862 4400440040
1298 1813 1386 1864 44000-

28 1899 104 1960 rati),
136 1911 240 1948 verum
261 1897 426 1947 etiamtunc
448 1894 517 1944 0000
541 1905 621 1944 cusas
644 1893 774 1958 quasdam
793 1897 827 1956 40.
844 1891 893 1944 48·
909 1897 949 1948 44.
965 1899 1007 1958 44,
1030 1895 1079 1946 aa·
1092 1899 1135 1958 88,
1156 1897 1229 1948 8744
1246 1900 1316 1964 000.)
1338 1913 1386 1965 040

33 1985 158 2047 genuinis
177 1983 279 2034 edidit.
298 1981 403 2031 -Sed
423 1980 505 2030 redeo
523 1979 556 2030 00
577 1981 661 2044 400004
680 1993 748 2031 rem.

82 2069 197 2118 ,44400444
223 2068 350 2133 quaestio
374 2079 428 2116 nou
453 2067 542 2131 004044
565 2065 616 2116 0404
639 2064 770 2130 patelacle
799 2066 856 2130 4040
879 2065 1018 2128 glandium
1045 2067 1149 2132 0440444
1176 2074 1203 2120 04
1228 2073 1387 2122 examinetis

32 2158 133 2206 museis
158 2156 291 2221 inprimis
308 2152 420 2204 44044040.
450 2153 571 2216 Vtroque
589 2164 702 2202 munere
721 2151 788 2202 mibi
806 2150 841 2202 ab
859 2152 983 2202 instituto
1002 2156 1095 2204 000440
1112 2155 1319 2220 erobaeoioglco
1337 2158 1388 2209 de·

32 2243 161 2292 44000040
189 2239 353 2307 0044000400
379 2251 441 2289 0004
469 2237 532 2288 4004
559 2236 594 2287 044
621 2249 693 2288 0000
712 2240 789 2288 4877.
826 2237 859 2287 444
882 2238 974 2288 Asculi
1001 2238 1112 2302 0040004
1135 2254 1160 2292 a.
1177 2244 1242 2291 4877
1267 2243 1386 2307 04404004

32 2327 195 2378 Gabrieiiius
214 2330 244 2377 et
262 2339 313 2390 ego
331 2324 477 2375 0440044000
495 2324 522 2374 40
541 2322 686 2374 castellani
705 2323 782 2374 alveo
801 2323 923 2374 instituta
943 2325 1143 2388 inquisivimus,
1163 2327 1259 2391 quales
1277 2328 1385 2380 4000004

31 2415 145 2477 0400000
167 2413 208 2463 ibi
233 2413 421 2478 reperirentur
438 2413 485 2459 004
508 2423 562 2460 000
585 2410 771 2474 reperirentur
791 2408 835 2470 (ci.
856 2409 1076 2461 Bait.delt'1art.
1091 2415 1156 2462 4877
1176 2425 1202 2477 p.
1220 2417 1268 2464 474
1282 2427 1342 2480 000.
1359 2421 1387 2466 04

36 2514 117 2565 00040
135 2515 164 2565 0.
180 2505 196 2550 5
210 2499 293 2565 400).
333 2496 437 2548 Deinde
461 2496 558 2547 eodem
577 2509 649 2546 0000
667 2495 760 2546 Asculi
780 2494 814 2546 ab
832 2497 929 2546 amicis
947 2497 1040 2561 0044444
1059 2497 1171 2548 adiutus
1190 2499 1312 2564 diligenti
1344 2504 1384 2552 in·

33 2588 215 2649 vestigatione
237 2585 332 2642 044004,
357 2586 389 2632 04
407 2583 559 2634 certissime
585 2585 736 2643 constaret,
762 2583 824 2646 quis
847 2585 919 2632 esset
939 2583 1094 2647 spuriarum
1120 2583 1227 2634 iliarum
1246 2586 1386 2649 glaudium

35 2677 145 2732 auctor,
171 2674 222 2736 qui
247 2672 308 2721 eius
329 2669 413 2728 04044,
433 2669 558 2734 inprimis
576 2669 599 2718 is
617 2669 663 2732 004
683 2668 801 2718 Parisios
818 2667 1002 2728 vendidisset,
1021 2669 1140 2734 0004000
1165 2671 1237 2734 00044
1262 2671 1386 2724 ieisarius

35 2771 100 2808 usus
113 2761 186 2809 00044
199 2755 352 2808 iabricaudi
365 2754 491 2807 artificio.
510 2755 549 2804 De
562 2754 674 2817 singuiis
687 2755 755 2804 satis
768 2755 809 2804 est
821 2767 1050 2805 commemorasse
1063 2755 1140 2808 baec.
1168 2757 1287 2821 Cognovi
1301 2759 1387 2810 40444-

34 2843 124 2894 lauum
143 2844 296 2908 00000040,
316 2842 362 2906 004
382 2839 527 2904 4000044004
547 2839 704 2890 4400040404
726 2841 762 2903 (40
782 2841 842 2888 vico
860 2839 983 2890 Carassei
1002 2843 1105 2904 004004)
1126 2843 1153 2892 40
1173 2844 1258 2908 400400
1276 2845 1387 2896 taberna

37 2930 148 2993 glandes
166 2929 344 2981 incudentem
356 2927 462 2976 viderat
477 2926 511 2976 00
525 2939 612 2991 eaque
630 2939 660 2976 re
673 2937 814 2976 sermones
826 2938 888 2976 00444
908 2927 955 2977 4440
971 2925 1083 2990 4400444;
1104 2927 1176 2980 idern
1190 2930 1255 2980 mibi
1268 2933 1388 2983 evasionis

38 3017 150 3066 0440004
167 3016 310 3072 indicarit,
324 3027 407 3078 00040
420 3025 515 3064 verum
528 3024 588 3062 esse
600 3013 817 3078 experimentum
830 3027 844 3062 a
859 3011 937 3062 nobis
950 3015 1040 3064 statim
1053 3013 1154 3064 iactum
1167 3029 1296 3068 successu
1316 3017 1388 3070 444404

40 3102 236 3166 comprobavit.
263 3127 297 3137 -
320 3099 475 3152 canonicus
496 3099 609 3163 0040004
627 3098 793 3160 asculanus,
818 3099 861 3148 vir
878 3101 989 3149 sanctus
1008 3101 1034 3149 04
1052 3099 1161 3160 000400,
1188 3101 1254 3152 mibi
1274 3104 1385 3164 rettulit,

40 3187 244 3239 i'incenzinium
256 3184 420 3250 Desjardinii
436 3183 566 3234 lascicuio
579 3183 612 3234 ad
625 3183 737 3246 glandes
750 3185 882 3248 spectanti
901 3187 988 3248 primo
1002 3185 1124 3249 44000440
1142 3189 1271 3238 miratum
1291 3202 1388 3253 magno

41 3287 119 3338 opere
137 3287 198 3326 esse
217 3275 246 3324 04
263 3275 389 3337 00044004
403 3284 513 3336 quoque
530 3271 565 3320 00
583 3273 655 3320 40040
667 3269 792 3320 00044400
808 3271 935 3334 mutaque
948 3271 1064 3336 0400040
1082 3273 1109 3322 40
1128 3273 1186 3322 0040
1200 3274 1387 3337 (444000044044)

40 3363 198 3414 004004004ὶο
216 3359 317 3410 4400440
336 3359 495 3422 0000004040
516 3357 774 3422 44004404440004004
798 3369 911 3408 suarum
934 3370 1030 3422 400000
1055 3359 1131 3423 00440
1157 3360 1228 3410 40040
1252 3359 1320 3410 40040
1346 3363 1389 3412 in-

41 3447 198 3509 tellectave,
224 3446 292 3497 04400
310 3447 402 3496 004040
421 3445 574 3505 monuisse,
602 3442 653 3494 sibl
674 3443 866 3506 (Vincenzinio)
887 3443 967 3508 piane
987 3445 1105 3506 ignotas,
1131 3447 1242 3496 0040400
1260 3445 1389 3498 confictas

43 3547 98 3584 esse
117 3549 132 3586 a
150 3533 340 3598 Desjardinio,
363 3529 558 3594 laisariumque
577 3530 666 3595 ipsum
685 3530 712 3579 in
730 3531 822 3580 animo
840 3529 983 3590 babuisse,
1005 3530 1039 3581 de
1057 3543 1088 3580 ea
1107 3545 1137 3582 40
1155 3531 1189 3582 00
1208 3532 1281 3582 bunc
1300 3534 1388 3597 ipsum

43 3620 168 3673 scribere.
206 3620 259 3670 Sed
278 3618 332 3668 boc
350 3618 375 3666 ei
394 3617 545 3666 canonicus
563 3615 621 3676 iiie,
646 3613 808 3680 professoris
828 3616 942 3666 Parisini
961 3617 1132 3668 miseratione
1151 3617 1269 3682 quadam
1288 3621 1387 3678 motus,

45 3705 178 3760 dissuasit.
216 3705 247 3756 id
266 3703 341 3769 quod
360 3715 425 3752 0000
443 3701 591 3752 dolendum
614 3705 663 3751 est.
700 3701 770 3751 Nam
794 3702 931 3765 proposito
950 3715 983 3752 00
1007 3702 1122 3752 bouesto
1140 3703 1247 3754 abiecto
1266 3701 1390 3756 ieisarius

46 3795 141 3842 tantum
168 3791 250 3850 04044,
276 3791 306 3840 444
324 3787 524 3851 Desjardiuium
549 3800 563 3836 0
588 3785 768 3836 00044000000
793 3786 911 3838 editione
929 3786 1090 3848 deterreret,
1117 3791 1148 3838 ut
1165 3787 1314 3853 0400404404
1331 3792 1389 3842 viro

47 3877 200 3930 doctissimo
223 3887 385 3926 succurrere
407 3871 551 3936 glandibus
574 3871 739 3937 quibusdam
758 3873 866 3922 excusis
886 3871 927 3934 404.
941 3885 967 3937 0.
984 3876 1016 3920 sti
1035 3872 1087 3924 sub
1106 3875 1147 3936 4),
1174 3888 1243 3938 0000
1262 3873 1390 3926 400440000

48 3963 266 4027 Desjardiuiauas
293 3960 374 4011 404000
397 3959 555 4010 exhiberent
581 3959 617 4020 440
645 3958 717 4022 quod
746 3959 917 4010 conieceram
943 3959 1100 4010 4400444404.
1125 3963 1191 4009 4878
1216 3974 1243 4024 p.
1265 3963 1388 4020 444-88).

49 4075 75 4085 -
93 4051 162 4111 Quid
181 4048 256 4114 quod
275 4047 467 4097 Vincenzinius
485 4057 515 4095 04
534 4046 623 4109 400004
642 4044 789 4108 aliquando
808 4058 857 4094 auo
881 4043 998 4094 04440040
1016 4045 1161 4110 deceptum
1180 4059 1240 4096 4000
1259 4059 1313 4096 000
1332 4047 1390 4096 0400

48 4135 168 4188 incuntis
192 4133 374 4200 praedicavit,
401 4131 527 4195 glandem
551 4131 624 4181 enim
643 4131 780 4195 quandam
808 4131 980 4195 inscriptam,
1010 4145 1091 4195 quam
1112 4145 1128 4181 a
1150 4133 1253 4182 rustico
1271 4133 1389 4196 quodem

47 4225 186 4282 genuinam
207 4219 331 4270 iudicans
343 4219 464 4278 emisset,
484 4219 575 4282 000400
595 4216 705 4266 0004040
725 4229 753 4266 04
773 4215 938 4268 intellexisse
958 4217 1161 4282 inscriptionem
1182 4217 1216 4268 ab
1234 4221 1320 4268 004404
1333 4219 1390 4282 4000

49 4307 165 4360 40000004
184 4305 313 4358 exhibere
333 4305 462 4354 00440444.
482 4329 518 4339 ·-
541 4303 579 4352 40
597 4302 664 4352 00444
683 4313 765 4364 0004,
793 4303 816 4352 04
835 4303 896 4366 0040
914 4301 1061 4366 444000000
1079 4301 1113 4352 de
1132 4303 1237 4366 glandis
1257 4303 1390 4364 (videlicet

49 4391 228 4458 inscriptionis
245 4391 365 4446 4000000)
380 4391 536 4440 sinceritate
554 4387 700 4447 dubitavit,
727 4387 773 4438 iiie
791 4387 884 4438 Fidem
902 4401 1005 4450 meam,
1033 4389 1135 4453 inquit,
1156 4388 1246 4452 obligo
1265 4388 1391 4452 glandem

49 4483 180 4545 antiquam
206 4491 282 4538 esse;
310 4477 461 4542 insipientis
480 4479 521 4526 est
539 4473 708 4524 mehercules
727 4475 848 4538 spuriam
866 4474 997 4526 40040040.
1018 4501 1051 4510 -
1069 4474 1159 4524 Etiam
1185 4487 1311 4524 nummos
1336 4477 1390 4525 4004

50 4569 167 4616 44440400
190 4575 275 4628 00004
300 4565 336 4626 (iu
360 4562 460 4627 quibus
485 4561 684 4626 cognoscendis
709 4559 829 4611 studium
854 4559 902 4610 diu
920 4559 1109 4621 collocaverat)
1138 4562 1264 4624 antiquos
1293 4561 1391 4610 imitari

51 4655 147 4716 egregie
168 4648 293 4701 callebat.
324 4649 373 4699 Cui
385 4649 533 4699 canonicus
552 4647 596 4697 iiie
619 4659 681 4696 curn
694 4646 832 4710 00000040
852 4659 993 4696 nummum
1013 4659 1129 4696 aeneum
1143 4646 1292 4696 4400440044
1314 4649 1392 4696 0440-

51 4735 108 4788 0004
133 4736 271 4796 dedisset,
299 4735 432 4799 postridie
456 4735 483 4783 in
507 4733 567 4783 0400
586 4731 692 4782 04440440
717 4745 775 4782 rem
799 4743 877 4781 suam
901 4732 1066 4796 repetiturus
1089 4731 1235 4782 duodecim
1261 4732 1312 4781 iam
1339 4731 1391 4782 4444

52 4823 102 4874 4404
123 4823 232 4873 0040044
256 4819 421 4885 exemplaria
439 4832 455 4868 0
470 4819 645 4870 Vincenzinio
664 4815 749 4868 4444040
768 4817 873 4866 invenit
884 4821 912 4868 04
937 4821 1011 4868 40040
1029 4817 1140 4881 quidem
1159 4821 1216 4868 0444
1239 4817 1343 4878 4444040,
1362 4819 1394 4867 04

52 4910 225 4974 archetypum
244 4906 362 4956 discerni
381 4918 435 4956 non
454 4907 546 4971 000004
565 4905 617 4954 4404
636 4918 669 4954 cx
687 4903 764 4967 04040
789 4903 907 4967 0000044
926 4903 1048 4963 4000440,
1078 4903 1153 4967 0040
1172 4902 1297 4954 401004400
1314 4907 1391 4954 00400

53 4993 229 5060 inscripserat.
253 5019 289 5028 -
311 4991 350 5042 Ex
369 4991 551 5042 bibliothecae
575 4989 748 5054 municipalis
772 4989 922 5040 asculanae
940 4989 1027 5039 diario
1055 5001 1117 5038 cum
1137 4989 1303 5048 didicissem,
1323 4999 1393 5052 quos

54 5079 129 5132 libros
157 5078 354 5130 i'incenziuius
383 5077 499 5128 utendos
530 5077 691 5141 accepisset,
727 5076 754 5124 in
785 5075 816 5124 iis
851 5077 957 5140 repperi
989 5075 1138 5126 indicatum
1174 5075 1254 5124 etiam
1282 5073 1392 5125 Cobenii

100 5259 120 5316 4)
148 5251 204 5302 4400
227 5249 319 5300 044044
337 5249 504 5299 Kircberiaui
529 5247 640 5312 glandes
665 5245 746 5297 404000
769 5258 829 5297 0000
853 5260 901 5311 000
927 5245 991 5296 4000
1014 5246 1185 5306 0044404040,
1212 5245 1260 5295 000
1285 5245 1319 5295 00
1343 5243 1393 5293 hac

54 5331 155 5394 0040004
174 5341 204 5378 40
223 5325 291 5376 044444
310 5337 372 5375 0004
391 5338 529 5390 quoquam
547 5327 822 5376 communicaveram.
