3486 5928
307 643 379 718 256
731 663 1004 718 annmaamuua
1030 663 1113 718 vor..
1133 662 1202 716 vm
1591 665 1639 718 raa

346 843 464 899 intend
485 859 601 900 erasum
624 841 698 900 nihil
721 859 787 900 esse
808 861 874 900 cum
895 849 1020 900 testetur
1034 840 1167 910 Dessau,
1189 840 1399 916 imperatorem
1415 840 1506 897 istum
1530 847 1639 898 statue-

306 962 372 1002 mus
393 944 489 1002 luisse
512 963 602 1002 unum
625 963 662 1003 ex
686 963 811 1003 numero
833 963 951 1014 eorum,
979 945 1120 1019 quicum
1148 941 1192 1002 Μ.
1216 941 1319 1000 Aureli
1347 942 1516 1000 nominibus
1543 943 1640 1000 inuicti

301 1049 348 1122 pii
361 1047 460 1120 salicia
478 1045 605 1123 Aequati
625 1047 856 1124 appellationem
878 1047 1096 1118 coniunxerint,
1118 1063 1245 1121 quorum
1267 1045 1382 1122 primus
1404 1044 1522 1102 videtur
1543 1043 1639 1102 fuisse

305 1149 509 1226 Elagababus.
564 1150 663 1225 Atque
692 1168 759 1207 enm
787 1150 886 1228 ipsum
914 1157 1016 1225 aperte
1048 1147 1211 1224 significari
1245 1147 1455 1222 sequentibus,
1488 1165 1567 1222 quae
1599 1146 1638 1202 ita

275 1326 283 1340 ·
305 1260 406 1310 essent
427 1249 608 1328 supplenda:
632 1251 807 1329 amplissimo
830 1251 988 1327 [sacerdote
1010 1252 1056 1309 dei
1073 1253 1170 1309 inuicti
1184 1251 1264 1310 Solis
1278 1249 1464 1326 Eloquium,
1485 1268 1553 1308 cum
1570 1239 1638 1306 olini

306 1353 457 1412 docuisset
475 1355 600 1412 Heuaen
620 1351 654 1413 O.
673 1373 700 1430 p.
718 1354 788 1424 956,
811 1354 910 1412 denuo
931 1373 978 1412 me
1001 1354 1116 1412 monuit
1137 1353 1305 1410 Mommsen
1327 1351 1445 1410 collatis
1468 1351 1637 1428 diplomatis

307 1453 405 1514 0111
427 1477 455 1534 p.
473 1455 533 1516 892
556 1470 586 1514 et
607 1457 673 1532 eph.
690 1455 720 1513 ll
742 1477 771 1533 p.
787 1455 857 1515 464.
887 1491 925 1500 -
959 1457 977 1513 4
1000 1475 1073 1532 quae
1095 1455 1173 1530 (scil.
1197 1455 1290 1530 aqua)
1309 1465 1464 1530 propterea
1487 1453 1639 1512 distributo

306 1561 418 1616 interim
438 1579 495 1617 non
516 1569 566 1630 eat,
586 1563 722 1636 quonium
745 1568 871 1634 tempora
890 1600 981 1616 .....
1005 1558 1048 1633 [id
1067 1577 1124 1616 non
1142 1557 1342 1634 permiserunt]
1366 1557 1413 1615 vel
1439 1556 1538 1616 simile
1559 1554 1639 1631 quid.

349 1713 402 1772 col.
418 1713 445 1783 I,
470 1715 518 1772 lu
539 1722 611 1772 uota
632 1713 703 1790 quid
718 1713 790 1772 velit
810 1723 879 1788 post
892 1711 999 1770 londos
1016 1712 1151 1788 singulos
1167 1711 1267 1787 posita
1281 1721 1349 1771 ante
1365 1729 1518 1783 numeros,
1539 1711 1639 1768 etiam·

307 1833 386 1873 nnnc
407 1815 506 1874 minus
528 1815 629 1891 liquet.
684 1817 775 1892 Atqui
798 1834 864 1874 oum
880 1814 938 1886 IV,
963 1815 1065 1874 15.17
1088 1833 1143 1891 pro
1165 1831 1185 1872 κ
1209 1822 1253 1872 tot
1273 1823 1466 1873 numerentur
1487 1814 1567 1872 oleae
1588 1822 1639 1882 tot,

307 1917 344 1976 de
366 1936 509 1976 mensura
530 1937 627 1994 aquae
649 1917 873 1977 distribuendae
895 1916 1022 1994 amplius
1044 1917 1169 1995 cogitari
1191 1917 1301 1992 nequit
1345 1917 1474 1976 Accedit
1499 1915 1580 1992 quod
1605 1933 1641 1972 ea

306 2017 405 2092 horis,
438 2022 546 2096 quibus
573 2039 653 2097 aqua
678 2021 818 2098 perfluat,
852 2019 927 2079 satis
954 2018 1107 2077 indicatur.
1167 2017 1280 2078 Contra
1306 2027 1357 2078 aut
1385 2019 1527 2078 arborum
1554 2018 1640 2096 plan·

307 2129 443 2181 tarumve
465 2140 559 2200 genus
581 2131 643 2198 aut,
666 2123 746 2198 quod
769 2123 865 2199 magis
888 2121 986 2194 credo,
1010 2121 1073 2198 agri
1096 2139 1266 2180 mensuram
1287 2139 1496 2199 quamcunque
1513 2139 1549 2180 ea
1569 2129 1640 2179 uota

308 2225 471 2302 significari
488 2225 649 2284 verisimile
671 2234 726 2284 est.
770 2223 910 2300 Namque
933 2225 984 2283 vix
1006 2225 1225 2302 excogitabitur
1247 2224 1394 2301 quaedam
1417 2225 1535 2283 arboris
1557 2223 1641 2299 plan·

308 2335 394 2384 taeve
417 2329 532 2404 species
552 2347 571 2386 a
590 2345 621 2385 κ·
640 2327 802 2404 incipiens,
825 2345 884 2403 qua
905 2335 1020 2386 tantum
1043 2347 1182 2406 agrorum
1206 2346 1266 2386 una
1287 2327 1434 2386 consitum
1457 2325 1551 2384 fuisse
1573 2343 1641 2402 pro-

308 2429 407 2488 babile
440 2429 583 2488 videatur.
649 2428 735 2504 Quae
767 2430 833 2508 agri
864 2448 1004 2488 mensura
1036 2439 1150 2506 quauta
1176 2429 1266 2488 luerit
1292 2429 1390 2487 miuus
1418 2428 1498 2487 foret
1527 2429 1557 2486 in
1592 2428 1640 2484 ob-

308 2549 405 2605 scura,
429 2531 588 2592 dummodo
611 2532 752 2591 horarum
774 2533 904 2604 numeri,
926 2533 977 2609 qui
999 2531 1115 2591 duobus
1137 2531 1198 2590 illis
1220 2531 1320 2590 lundis
1343 2531 1419 2590 oleis
1442 2529 1569 2589 consitis
1591 2529 1642 2586 ad-

308 2633 410 2712 scripti
430 2643 524 2708 erant,
548 2643 649 2694 esseut
669 2635 848 2694 conservati.
885 2635 1065 2712 [Postquam
1088 2635 1163 2692 ollae
1184 2634 1282 2692 locum
1302 2634 1437 2692 lecerunt
1451 2634 1532 2706 oleis,
1556 2641 1642 2692 extra

309 2736 429 2794 dubium
452 2746 497 2796 est
516 2755 534 2795 κ
555 2737 685 2796 litteram
709 2737 878 2816 significare
901 2738 1005 2812 kaput3
1035 2755 1130 2813 neque
1152 2736 1231 2794 enim
1252 2737 1409 2813 quisquam
1435 2736 1557 2812 ignorat
1584 2735 1642 2794 lor·

308 2858 386 2898 mam
409 2841 578 2900 censualem
595 2849 688 2899 totam
710 2839 763 2899 niti
787 2839 933 2899 divisione
956 2839 1019 2916 agri
1038 2857 1115 2916 quae
1133 2839 1261 2915 pendeat
1279 2857 1298 2896 a
1317 2837 1543 2924 soli'meusura
1566 2857 1643 2914 quae

295 2959 490 3020 quamquam
513 2943 581 3022 ipsa
603 2943 711 3015 differt,
734 2941 880 3002 sollemne
901 2961 1010 3002 nomen
1032 2943 1124 3001 traxit
1146 2951 1198 3001 aut
1219 2961 1238 2999 a
1258 2941 1355 3018 capite
1379 2941 1573 3018 capitationis
1594 2951 1645 2998 aut

308 3064 327 3103 a
348 3046 419 3121 ingo
441 3047 617 3122 ingutionis,
640 3055 673 3104 ut
694 3053 742 3105 est
762 3037 793 3104 in
816 3045 1028 3107 constitutione
1050 3065 1077 3104 a.
1091 3045 1151 3104 430
1172 3041 1207 3103 C.
1224 3043 1282 3102 Th.
1298 3045 1345 3114 11,
1362 3042 1411 3117 20,
1428 3042 1463 3101 6:
1479 3063 1586 3128 'aarum
1602 3048 1643 3101 iu·

307 3165 407 3222 porum
432 3150 491 3206 aive
517 3152 643 3226 capitum
670 3151 728 3207 aive
755 3167 811 3236 quo
839 3148 898 3206 alio
927 3152 1037 3207 nornine
1062 3157 1265 3224 nuncupantur
1287 3149 1398 3222 priuati
1424 3149 1497 3206 iuria
1528 3157 1586 3206 cet.
1616 3155 1644 3204 et

299 3249 380 3308 alibi
402 3250 530 3328 passim,
557 3261 587 3310 et
608 3251 794 3327 componitur
816 3257 906 3328 caput
928 3269 996 3310 cum
1022 3250 1091 3309 olea
1111 3249 1201 3328 plane
1228 3257 1260 3306 nt
1284 3249 1314 3307 in
1340 3247 1445 3308 formis
1467 3247 1591 3308 Therae
1617 3257 1644 3307 et

308 3353 513 3429 Astypalaeae
539 3343 630 3429 ζυγέν
655 3372 722 3412 cum
748 3354 837 3436 puppi,
869 3353 900 3411 id
927 3361 973 3412 est
1005 3353 1109 3412 scrobe
1141 3352 1184 3428 (v.
1219 3351 1376 3410 enchiridii
1402 3351 1645 3426 Marquardtiaui

309 3453 402 3513 vol.V
416 3475 445 3532 p.
458 3454 517 3514 227
532 3454 618 3532 seq).
657 3453 786 3514 Cuinsm
808 3467 907 3515 autem
930 3473 1090 3514 mensurae
1111 3455 1141 3514 in
1164 3455 1331 3518 haclorma
1345 3461 1437 3532 caput
1451 3454 1643 3530 respondeat,

308 3575 368 3616 non
390 3556 497 3633 liquet;
522 3558 720 3634 nequeenim
742 3576 821 3634 quae
842 3557 1039 3634 professionis
1061 3557 1226 3618 Africanae
1249 3557 1346 3616 adhuc
1367 3556 1529 3614 habuimus
1552 3557 1644 3616 docu-

308 3667 408 3718 menta
429 3678 465 3718 eo
487 3659 632 3718 vocabulo
654 3669 785 3719 utuntur.
832 3660 941 3719 Possis
964 3661 1114 3738 suspicari
1140 3660 1304 3720 centuriam
1330 3637 1419 3735 quum
1446 3659 1489 3717 ibi
1518 3657 1644 3718 offendi·

309 3779 375 3820 mua
398 3761 493 3820 luisse
514 3763 645 3838 capitum
667 3771 793 3822 centum.
831 3763 891 3820 Te.
908 3763 972 3838 Μ.].

352 3916 369 3974 3
393 3930 465 3976 cuca
487 3915 586 3976 estin
607 3915 848 4003 lapide=350.
892 3915 1026 3978 Similem
1048 3916 1173 3975 duarum
1195 3915 1258 3993 (vel
1280 3916 1355 3976 adeo
1378 3917 1469 3976 trium
1492 3923 1545 3975 aut
1559 3925 1643 3994 quat·

309 4016 390 4095 tuor)
412 4033 431 4076 c
453 4018 621 4096 ligaturam,
644 4038 732 4096 quam
755 4019 835 4096 typis
858 4035 976 4095 semper
997 4019 1109 4078 imitari
1130 4037 1185 4078 neo
1206 4019 1292 4078 licuit
1306 4037 1362 4077 nec
1376 4019 1451 4078 tanti
1467 4018 1536 4092 fuit,
1557 4039 1642 4097 prae-

308 4127 392 4179 terea
406 4121 624 4200 agnoscendam
641 4122 717 4181 duco
733 4123 786 4180 col.
802 4121 828 4193 I,
852 4120 899 4179 16.
916 4120 953 4178 18
960 4141 968 4193 3
991 4123 1044 4180 col.
1057 4121 1102 4195 II,
1123 4121 1151 4180 6.
1170 4120 1216 4180 18.
1233 4120 1285 4180 20.
1301 4119 1348 4181 22.
1367 4119 1417 4180 27.
1433 4119 1489 4193 29;
1513 4123 1568 4181 col.
1580 4121 1642 4194 ΙΙΙ,

312 4221 360 4281 12.
378 4223 425 4283 19.
443 4221 491 4283 25.
508 4222 557 4282 27.
574 4225 623 4282 31.
670 4223 835 4282 Enimvero
860 4241 1014 4283 numerum
1041 4223 1209 4300 significare
1236 4223 1313 4283 hanc
1341 4235 1457 4298 notam,
1487 4239 1549 4282 non
1575 4241 1643 4283 esse

308 4323 476 4384 litterama
498 4341 599 4384 cumr
620 4325 870 4403 coniungendam,
891 4346 958 4385 oum
980 4327 1050 4386 inde
1072 4323 1225 4404 appareat,
1248 4327 1328 4403 quod
1350 4345 1369 4384 a
1391 4343 1410 4384 κ
1430 4326 1534 4386 littera
1554 4327 1641 4386 inter·

310 4427 391 4485 vallo
413 4428 587 4505 plerumque
609 4427 758 4487 disiuncta
780 4439 835 4501 est,
857 4429 939 4505 quali
957 4449 1017 4488 non
1036 4437 1213 4504 separentur
1231 4411 1291 4488 nisi
1306 4446 1394 4488 voces
1411 4429 1559 4502 diversae,
1582 4437 1642 4488 tum

310 4529 359 4588 vel
381 4547 416 4588 eo
436 4537 564 4602 constat,
587 4529 667 4607 quod
680 4531 744 4602 III,
763 4530 800 4588 19
824 4550 859 4589 ea
881 4531 1031 4590 iuvenitur
1053 4531 1150 4590 media
1169 4531 1246 4590 inter
1261 4531 1321 4590 alia
1335 4549 1530 4590 numerorum
1545 4533 1641 4611 sigua.

310 4631 520 4690 Verumtamen
542 4631 580 4690 ab
602 4651 638 4690 ea
658 4650 726 4692 cum
748 4641 817 4692 ante
838 4633 1044 4706 dubitaverim,
1074 4653 1112 4692 an
1134 4641 1217 4694 esset
1236 4633 1434 4692 discernenda
1455 4634 1552 4694 altera
1573 4642 1644 4692 nota

310 4733 408 4792 forma
429 4752 489 4792 non
509 4733 632 4794 multum
651 4735 771 4794 diversa
791 4753 825 4808 a,
848 4755 936 4812 quam
953 4744 1004 4794 aut
1019 4746 1100 4796 certo
1115 4735 1297 4812 deprehendi
1311 4735 1422 4794 collato
1437 4743 1545 4814 ectypo
1559 4747 1643 4796 anta

311 4835 463 4896 Dessavio
477 4845 556 4896 recte
571 4845 728 4915 exceptam
744 4855 813 4897 esse
828 4845 947 4896 autumo
970 4838 1059 4910 coll,
1077 4839 1129 4910 143
1151 4839 1196 4910 Il,
1213 4839 1241 4897 3.
1258 4838 1286 4898 8.
1305 4839 1351 4896 10.
1371 4837 1418 4896 12.
1438 4839 1486 4897 14.
1503 4837 1556 4911 24;
1579 4839 1641 4910 ΙΙΙ,

313 4939 340 4998 6.
358 4937 386 4997 8.
405 4939 452 4997 10.
471 4941 517 4998 14.
536 4937 584 4998 23.
602 4939 655 5012 35;
676 4939 733 5012 IV,
758 4942 772 4998 1
798 4939 915 5015 (notata
935 4941 1014 5000 linea
1028 4938 1224 5016 transversa).
1242 4939 1267 4998 6.
1286 4939 1314 4998 8.
1333 4937 1508 5000 10.1a.14.
1525 4939 1574 4999 25.
1592 4939 1639 4998 27.

313 5041 362 5101 29.
379 5042 427 5100 31.
444 5043 492 5100 33.
511 5042 560 5115 85,
582 5061 660 5100 nunc
681 5043 711 5100 id
731 5043 803 5101 mihi
822 5043 942 5120 quidem
958 5044 1125 5102 certissime
1139 5050 1267 5102 constat.
1304 5039 1443 5118 Namque
1459 5061 1524 5101 eam
1541 5053 1640 5102 notam

312 5144 350 5202 ab
372 5144 540 5203 auctoribus
566 5145 640 5220 (tam
662 5165 681 5203 a
701 5144 853 5204 Dessavio
875 5164 965 5221 quam
988 5165 1006 5204 a
1027 5145 1232 5222 Masqueraio)
1261 5164 1327 5203 cum
1350 5144 1447 5202 altera
1468 5145 1548 5204 haud
1573 5163 1641 5202 raro

312 5247 466 5306 confusam
493 5248 659 5324 significare
687 5267 843 5306 numerum
866 5247 941 5321 500,
969 5257 1001 5306 ut
1027 5247 1201 5325 accipienda
1227 5247 1267 5306 sit
1291 5248 1344 5306 vix
1369 5247 1423 5304 illa
1448 5247 1580 5324 quidem,
1610 5259 1643 5304 ut

311 5349 378 5426 ipse
399 5349 526 5428 primum
549 5351 746 5424 conieceram,
768 5350 1046 5428 pronotaeae(c1.
1069 5349 1256 5424 cot.111‚4;
1278 5349 1337 5424 IV,
1360 5347 1393 5426 3)
1416 5357 1502 5426 parte
1522 5349 1643 5409 dimidia
