3374 5930
414 651 1022 708 oosunvsnronssurrunsrurosu.
1305 633 1379 707 409

63 833 108 893 rel
129 831 301 893 familiarum
328 831 572 910 gladiatoriarum
599 831 742 910 principis
769 849 822 908 per
848 829 966 890 Italiam
993 840 1023 890 et
1044 831 1215 909 provincias
1238 832 1383 893 coustitu-

64 936 187 1012 tarum1)
212 954 301 1013 quam
328 943 536 1014 procuratores
558 936 688 1011 Augusti
714 935 948 1012 provinciarum,
975 933 1082 1011 quibua
1104 935 1230 994 traditos
1253 953 1321 996 esse
1341 937 1383 998 ibi

64 1040 207 1099 damnatos
234 1039 291 1110 ita,
319 1049 351 1098 ut
376 1039 407 1096 in
428 1039 540 1096 harena
561 1038 805 1110 interficerentur,
832 1045 1027 1096 attestatum
1049 1055 1107 1096 non
1130 1040 1316 1117 accepimus,
1341 1041 1384 1101 ita

64 1143 300 1221 aprobabilitate
322 1131 381 1200 nori
403 1138 592 1216 abhorret²).
635 1140 671 1198 In
692 1139 785 1198 Italia
805 1147 836 1198 et
856 1139 887 1198 in
910 1141 1072 1217 provinciis
1094 1159 1161 1200 oum
1185 1161 1308 1202 munera
1329 1163 1383 1221 pu·

63 1247 132 1304 blica
155 1246 257 1323 populi
285 1244 415 1304 Romani
442 1243 671 1321 imperatorisve
699 1243 781 1302 nulla
807 1241 1017 1319 ederenturl),
1045 1243 1088 1302 ita
1114 1243 1215 1303 traditi
1243 1253 1295 1304 aut
1322 1245 1381 1305 Ro·

63 1369 132 1408 mam
156 1347 290 1408 mittendi
317 1355 403 1406 eraut
429 1355 480 1406 aut
502 1365 654 1405 munerum
677 1345 898 1422 municipalium
921 1353 951 1404 et
971 1345 1197 1422 provincialium
1219 1348 1384 1408 editoribus

62 1452 199 1524 tradendi,
225 1451 256 1508 id
283 1449 365 1526 quod
391 1450 428 1508 ab
454 1449 502 1506 his
529 1447 617 1506 modo
640 1447 770 1506 vidimus
797 1448 904 1525 cupide
929 1449 1092 1525 expetitum
1118 1467 1183 1508 esse
1209 1457 1240 1510 et
1267 1451 1383 1528 flagita·

63 1563 130 1626 tum;
150 1555 186 1612 de
205 1553 263 1611 hac
285 1551 459 1625 traditione,
481 1569 541 1628 qua
560 1551 667 1610 editori
690 1551 806 1629 privato
828 1551 1061 1624 committuntur,
1084 1561 1185 1630 aperte
1207 1553 1255 1612 hio
1275 1553 1383 1632 agitur,

63 1675 122 1714 cum
145 1656 298 1715 tradantur
325 1654 464 1714 cautione
490 1653 635 1731 praestita
656 1663 686 1712 et
707 1653 881 1731 pecuniaria
903 1661 933 1712 et
953 1655 1106 1713 iuratoria.
1152 1652 1231 1728 Quid
1253 1655 1294 1714 ita
1315 1675 1383 1732 pro-

63 1759 166 1818 miserit
189 1759 296 1829 editor,
323 1759 354 1816 iu
375 1775 444 1816 aere
467 1775 525 1815 mon
548 1765 697 1832 supeream
723 1773 772 1814 res
794 1757 932 1832 requirit,
960 1765 993 1815 ιιι
1014 1757 1183 1834 promiserit
1204 1759 1382 1818 sententiam

63 1879 89 1920 se
110 1863 193 1940 plene
215 1868 408 1920 executurum
429 1877 507 1930 esso,
530 1859 560 1918 id
582 1865 629 1917 est
651 1867 820 1917 curaturum
844 1867 877 1916 ut
898 1859 1008 1918 noxius
1029 1860 1231 1936 perimeretur.

136 1963 335 2036 Gladiatoris,
363 1962 433 2022 item
458 1961 611 2021 venatoris
639 1962 702 2020 sivo
730 1961 878 2020 harenarii
905 1961 1041 2022 condicio
1069 1962 1189 2023 diversa
1215 1973 1274 2024 est:
1304 1984 1381 2044 opus

62 2067 164 2128 iaciunt
184 2067 247 2126 iere
268 2077 302 2124 ut
323 2065 409 2124 miles
432 2083 497 2122 cum
521 2064 654 2140 periculo
677 2065 811 2140 vitae⁴)‚
835 2065 888 2124 sed
911 2073 1023 2124 tautum
1047 2066 1144 2138 abest,
1167 2073 1199 2126 ιιι
1220 2069 1308 2127 ιιιοιιί
1330 2067 1380 2127 de·

62 2171 211 2243 etineutur,
239 2177 271 2228 ut
292 2187 308 2226 e
330 2167 482 2226 contrario
509 2165 546 2224 ad
574 2185 639 2225 eam
669 2167 874 2228 condicionem
901 2186 961 2226 uon
989 2167 1162 2227 admittatur
1187 2169 1245 2229 nisi
1268 2171 1382 2230 viribus

61 2273 147 2348 parl)
169 2281 198 2331 et
219 2270 449 2350 diligentissimo
471 2271 614 2328 exercitio
637 2270 675 2328 ad
697 2269 727 2328 id
750 2287 826 2347 opus
847 2277 984 2346 paratus3
1007 2289 1095 2346 quam
1118 2271 1240 2330 obrem
1262 2275 1383 2352 proprie

63 2395 115 2433 uon
136 2383 194 2434 tam
219 2376 252 2433 in
278 2374 421 2431 harenam
443 2373 600 2430 mittuntur
620 2391 709 2449 quam
731 2374 762 2431 iu
784 2372 895 2432 ludum.
938 2372 1100 2432 Praeterea
1122 2375 1215 2434 saucii
1240 2375 1311 2434 iacti
1333 2395 1384 2436 ne-

63 2496 112 2554 que
132 2476 292 2537 secundum
314 2476 395 2552 leges
418 2474 566 2533 eiusmodi
594 2476 702 2552 pugnis
724 2475 917 2552 praestitutas
938 2476 1106 2554 interempti
1129 2478 1161 2535 in
1183 2478 1251 2552 ipsa
1272 2479 1385 2538 herens

65 2581 156 2639 eodem
179 2579 245 2638 loeo
269 2587 339 2638 suut
360 2587 448 2654 atque
470 2577 577 2654 reliqui
600 2579 736 2637 homiues
764 2587 794 2636 et
815 2578 886 2636 licet
907 2577 954 2637 ius
977 2578 1088 2637 domiui
1112 2579 1148 2638 de
1171 2579 1249 2638 servi
1273 2581 1333 2638 vita
1356 2589 1386 2640 et

66 2701 127 2740 nece
147 2701 218 2765 sane
240 2682 272 2740 iu
294 2679 460 2758 gladiatore
483 2699 543 2738 non
565 2689 672 2754 cesset,
695 2681 890 2740 nihilominus
908 2681 956 2740 vel
979 2682 1057 2740 servi
1080 2681 1131 2758 qui
1155 2691 1232 2756 sunt,
1254 2683 1384 2760 plerum·

65 2795 162 2858 quaet
190 2784 348 2861 diligenter
373 2791 514 2841 curentur
540 2791 569 2841 et
596 2783 742 2842 inhabiles
769 2783 841 2842 iacti
868 2783 1063 2842 dimittuntur.
1107 2783 1269 2844 Praeterea
1294 2803 1386 2863 opera

67 2886 166 2946 fortiter
188 2887 331 2964 praestita
353 2895 383 2944 et
404 2887 563 2944 adiuvante
586 2886 707 2944 fortuma
729 2885 901 2944 condicione
921 2884 975 2943 illa
993 2885 1083 2943 eximi
1099 2895 1226 2962 possunt
1240 2887 1383 2964 adeoque,

66 2991 87 3046 ai
105 3009 158 3049 uon
181 2998 251 3050 sunt
271 2989 370 3062 liberi,
398 3005 452 3064 per
473 3005 537 3046 eam
561 3005 682 3066 operam
705 2988 743 3046 ad
765 2987 932 3048 libertatem
954 2989 1160 3066 perveniret).
1204 2990 1272 3049 Iure
1294 2991 1385 3069 igitur

69 3176 257 3188 —n——-

130 3319 153 3382 ¹)
183 3317 404 3380 8ιααιινιι1ιι2θ,
427 3319 494 3368 1071
516 3320 582 3368 ιι.2.

116 3409 153 3474 .²)
183 3413 273 3465 Simile
292 3411 415 3478 quiddam
434 3411 519 3461 evenit
537 3412 565 3460 in
583 3410 684 3475 plagio:
705 3417 767 3478 post
785 3409 929 3461 senteutiam
948 3415 1040 3473 autern,
1059 3409 1185 3476 Ulpianus
1204 3413 1241 3462 ait
1260 3411 1326 3462 Coll.
1342 3414 1385 3476 ts,

67 3501 87 3562 l,
100 3505 121 3566 2,
139 3503 169 3555 de
181 3503 267 3556 Fadia
282 3503 358 3555 lutam
376 3504 552 3572 procuratoris
564 3511 655 3570 portes
668 3501 810 3554 succedunt.
838 3505 902 3554 Eius
916 3505 1030 3556 criminis
1044 3505 1154 3556 convicti
1174 3521 1232 3556 oum
1245 3519 1277 3554 ea
1292 3512 1384 3567 aetate,

67 3595 83 3644 si
102 3597 245 3649 humiliores
270 3605 366 3660 esseut,
395 3598 422 3648 in
441 3597 574 3648 metallum
593 3595 717 3646 darentur
735 3603 779 3646 aut
804 3597 830 3646 in
855 3611 955 3647 crucem
980 3598 1143 3660 tollerentur,
1169 3599 1191 3648 si
1216 3598 1384 3660 honestiores,

66 3687 172 3756 adempta
190 3691 300 3741 dimidia
319 3691 446 3741 bonorum
465 3697 537 3754 parte
557 3689 584 3739 iu
609 3695 760 3754 perpetuum
779 3689 955 3754 relegarentur
979 3689 1007 3750 (l.
1021 3707 1043 3740 c.
1060 3691 1102 3752 ts,
1117 3693 1142 3752 2,
1158 3690 1199 3752 2),
1224 3699 1333 3756 apparat
1351 3692 1385 3741 ad

66 3791 244 3842 procuratorem
264 3791 380 3850 spectare
399 3791 452 3834 tam
471 3781 597 3832 bonorum
618 3782 826 3832 confiscationem
850 3797 926 3848 quam
946 3783 1141 3834 translationem
1160 3781 1340 3834 damnatorum
1359 3785 1385 3834 in

68 3877 167 3927 neella
710 3851 713 3858 ,

128 3966 152 4030 ¹)
180 3971 286 4020 Tacitus
305 3967 491 4031 snu.13,31:
512 3966 590 4017 edlm't
612 3963 714 4028 Caesar,
735 3983 765 4018 ne
784 3967 841 4034 quis
858 3968 1022 4035 magistratus
1045 3968 1088 4030 (ei.
1108 3964 1267 4018 Stuutsreelst
1286 3971 1315 4030 2,
1332 3969 1385 4020 935

66 4072 86 4106 u.
99 4059 121 4120 l)
144 4069 187 4111 unt
206 4062 410 4130 procuratoris
430 4059 568 4127 procinctu
591 4075 664 4126 quum
683 4058 802 4111 obtineret
826 4059 994 4128 spectaculum
1017 4059 1191 4126 gladiatorum
1210 4067 1255 4111 out
1269 4060 1386 4126 serarum

67 4157 102 4200 unt
120 4153 182 4220 quod
200 4153 274 4204 uliud
293 4153 416 4204 ludicrum
434 4152 525 4203 ederet.

130 4245 153 4308 ¹)
182 4247 309 4312 Ulpianus
329 4247 530 4308 eolt.11,t,t:
551 4245 595 4311 qui
612 4245 639 4295 s'm
659 4243 742 4295 ludum
761 4243 863 4308 duntur,
883 4261 932 4296 non
950 4246 1035 4312 utique
1054 4251 1237 4296 consumuntur.
1267 4247 1384 4311 Trypho-

67 4335 131 4387 ninus
148 4340 206 4405 Dig.
224 4341 308 4402 11,t,
324 4339 353 4390 5:
378 4339 447 4389 sa's'm
465 4336 585 4388 lumnam
601 4337 732 4406 supitious
750 4353 837 4388 seruus
855 4353 881 4388 ιι
901 4335 1006 4399 dederit,
1031 4355 1061 4388 ne
1079 4338 1127 4388 isto
1147 4337 1245 4404 quidem
1258 4339 1384 4405 periculo,

70 4425 206 4482 discrinrinis
225 4433 294 4482 ottae
313 4439 414 4493 tantun,
433 4428 485 4482 sibi
502 4431 617 4497 r'rroputo
630 4439 780 4498 potestatem
793 4430 889 4482 domini
906 4431 1001 4481 euitare
1018 4431 1119 4498 poterit.
1149 4431 1311 4482 Callistratus
1323 4432 1386 4496 Dig.

69 4519 104 4582 38,
120 4527 140 4584 1,
154 4525 186 4576 38
206 4541 260 4590 prm
285 4521 436 4575 harenarius
453 4525 617 4574 manumissus
635 4525 699 4575 tales
718 4539 809 4592 operas
829 4524 976 4592 (praestare
995 4540 1044 4574 non
1063 4521 1151 4586 dehet),
1173 4524 1233 4590 putu
1251 4524 1315 4574 istae
1334 4525 1387 4574 siue

68 4614 165 4675 periculo
184 4618 253 4668 sitae
268 4618 402 4684 praestari
419 4633 468 4668 uon
482 4625 596 4684 possunt.

132 4707 153 4770 ⁵)
180 4711 309 4775 Ulpianus
328 4711 389 4776 Dig.
403 4713 453 4774 ld,
469 4713 516 4774 18,
532 4711 557 4760 8.
573 4713 620 4762 11:
646 4711 788 4778 quicumque
811 4711 839 4759 r'n
863 4707 946 4760 ludum
968 4709 1123 4760 cenatorium
1140 4707 1241 4775 fuerim
1265 4707 1384 4770 damnati,

69 4796 184 4852 ridendum
202 4811 239 4854 est
257 4819 291 4852 un
310 4803 377 4853 serui
393 4819 493 4872 poenae
514 4803 670 4870 efficiantur:
689 4803 770 4854 solent
787 4804 850 4854 enlm
869 4803 980 4853 iuniores
997 4800 1046 4853 leue
1063 4817 1145 4870 poena
1163 4800 1248 4869 adfici.
1278 4801 1386 4854 Gladia·

71 4893 119 4940 torii
136 4897 247 4947 muueris
267 4898 425 4948 mentionem
444 4899 517 4949 vides
536 4913 552 4947 a
570 4897 781 4962 compilatoribus
800 4897 925 4948 sublatam
945 4911 1008 4946 esse.

133 4983 156 5049 ⁶)
183 4987 311 5055 Ulpianus
329 4989 388 5040 coll.
405 4992 448 5052 11,
462 4989 520 5053 t,t
544 4997 604 5055 post
622 4989 700 5040 rerba
719 4990 804 5041 adlata
826 4995 890 5040 nota
906 4990 937 5039 tr
962 4987 1008 5038 sed
1031 4988 1106 5038 etium
1124 4986 1235 5055 pilleorr'
1256 4993 1280 5037 et
1301 4985 1387 5038 rsedern

71 5077 168 5143 erupere
187 5089 296 5149 possunt
318 5089 376 5148 post
399 5081 548 5144 intervallo,
573 5083 598 5132 sl
616 5081 713 5149 quidem
735 5090 793 5151 post
812 5082 1003 5150 quinquennium
1022 5081 1145 5149 pilleurs',
1168 5087 1230 5148 post
1254 5080 1387 5130 triennium

72 5175 139 5220 cutem
155 5173 238 5224 nedem
256 5173 360 5226 induere
378 5176 416 5225 eis
433 5176 596 5242 permittitur,
618 5176 715 5226 scilicet
734 5177 766 5226 ad
786 5176 875 5226 ludum
894 5175 1036 5237 damuatis;
1061 5174 1152 5224 eadem
1170 5173 1306 5242 intervalla
1324 5188 1385 5222 num

20 5300 25 5356 2
73 5259 99 5308 td
115 5277 153 5315 tos
171 5283 272 5332 quoque
290 5269 469 5331 pertinuerint,
490 5269 534 5334 qui
553 5283 606 5319 nou
625 5283 657 5318 ex
672 5269 799 5319 sententia
817 5268 920 5333 publica
937 5267 1094 5332 gladiatores
1112 5265 1174 5316 iacti
1193 5273 1261 5328 suut,
1281 5265 1387 5316 dubium

21 5394 24 5403 .
75 5359 111 5402 ‘tl
145 5359 317 5413 Tertullianus
341 5361 373 5412 de
393 5367 472 5427 spect.
491 5363 525 5413 21
546 5360 586 5426 (p.
601 5363 654 5413 408
676 5369 729 5413 uot.
745 5360 780 5423 7).
820 5360 922 5413 Titulos
948 5360 1046 5426 aliquot
1068 5359 1241 5426 gladiatorum
1265 5357 1301 5410 ita
1324 5359 1387 5410 libe·

1424 1969 1531 2022 Gladia-

1446 2063 1509 2113 toris

1419 2155 1537 2206 condicio
