3374 5930
419 637 720 692 cassavit-ronna
739 633 1024 693 srrcnarnrons.
1312 619 1386 696 405

82 835 123 876 aas
144 815 170 875 id
195 835 252 875 nou
279 815 374 876 solum
397 815 567 888 confirmat,
594 815 757 875 sedetiam
780 825 878 892 auget
921 813 1000 874 Nam
1023 835 1202 894 quamquam
1226 817 1388 879 adomnia

80 938 184 978 nunera
203 919 383 997 gladiatoria
402 920 529 996 pertinet
550 925 812 995 memoranturque
834 918 944 978 diserte
964 937 990 976 v.
1006 919 1044 979 56
1068 920 1238 997 spectacula
1259 939 1335 996 quae
1356 926 1387 982 ia

80 1023 217 1082 τίτίιτείὸτιτ
242 1023 537 1100 splendidissimorum
563 1020 727 1082 Galliarum
752 1025 839 1080 veteri
863 1039 938 1080 more
964 1031 989 1080 et
1011 1041 1093 1085 eocro
1119 1027 1178 1082 rita
1205 1035 1387 1101 asportantur

78 1125 130 1184 sine
148 1125 233 1186 dubio
254 1125 455 1203 municipalia,
480 1125 674 1184 nihilominus
697 1124 872 1184 sacerdotiis
894 1125 1112 1203 provinciarum
1134 1127 1232 1184 locum
1254 1126 1307 1186 dat
1326 1127 1385 1206 pri·

77 1229 182 1286 marium
204 1237 233 1288 et
258 1229 449 1306 peculiarem.
492 1228 542 1287 Ex
563 1227 660 1305 capite
682 1227 865 1304 paenultimo
887 1246 915 1288 v.
932 1227 1061 1286 59-61
1084 1228 1155 1288 licet
1176 1239 1317 1306 corrupto
1339 1233 1385 1290 in·

75 1330 205 1408 tellegitnr
231 1331 402 1392 sacerdotes
429 1332 649 1410 provinciarum
678 1349 781 1390 omnes
807 1347 930 1390 munera
956 1330 1086 1390 edidisse
1108 1341 1137 1390 et
1157 1343 1316 1410 propterea
1338 1352 1384 1394 sa·

74 1433 189 1492 tardatio
217 1453 254 1492 eo
282 1433 333 1511 qui
362 1435 457 1494 abiret
487 1434 670 1512 gladiatores
699 1433 759 1493 sibi
787 1432 907 1492 relictos
934 1433 1101 1492 succedenti
1130 1435 1248 1496 tradere
1276 1437 1382 1512 solere,

73 1554 182 1612 quocum
203 1538 266 1596 inre
288 1555 510 1616 componemus,
532 1537 611 1613 quod
631 1537 794 1596 Asiarchae
809 1535 1011 1612 Pergamenos
1034 1537 1171 1596 novimus
1192 1557 1246 1615 per
1267 1539 1385 1617 aliquot

73 1657 151 1698 annos
176 1641 214 1699 ad
239 1640 423 1720 gladiatores
449 1657 520 1700 suos
542 1659 689 1718 quemque
711 1639 858 1698 curandos
880 1637 1006 1698 eundern
1028 1641 1173 1699 medicum
1197 1641 1382 1704 adhibuisse.

72 1741 132 1800 Item
153 1743 231 1819 qnod
253 1761 348 1802 novae
373 1743 450 1822 legis
477 1745 620 1802 beneficia
644 1742 782 1802 laudibus
804 1741 954 1802 extollens
977 1747 1079 1801 orator
1101 1743 1285 1805 sacerdotem
1308 1745 1382 1807 Gal·

70 1844 161 1904 liarom
188 1845 314 1920 inducit,
341 1845 456 1906 scilicet
482 1865 549 1904 eum
576 1845 626 1922 qui
653 1847 773 1923 proprie
801 1845 952 1904 dicebatur
979 1847 1021 1904 ad
1040 1863 1122 1904 arom
1145 1846 1280 1908 Caesaris
1302 1851 1384 1924 apud

70 1949 182 2026 tenplum
207 1950 316 2008 Romae
341 1959 367 2008 ct
389 1948 516 2026 Augusti
543 1953 616 2008 inter
642 1951 807 2026 confluentes
830 1947 938 2006 Araris
964 1959 989 2008 et
1010 1948 1199 2026 Rhodoai¹)‚
1226 1951 1269 2010 ita
1294 1951 1381 2032 facile

67 2051 227 2128 explicatur,
250 2052 361 2130 quippe
383 2051 434 2129 qui
457 2069 533 2111 unus
549 2071 587 2111 ex
602 2050 747 2111 eiusmodi
764 2049 967 2110 sacerdotibus
989 2050 1126 2129 pluribus
1148 2051 1310 2129 provinciis
1333 2071 1381 2113 sa·

67 2172 107 2211 ero
125 2156 188 2213 iure
208 2165 362 2231 praeesset
382 2165 412 2213 et
433 2155 464 2213 in
486 2155 580 2214 altero
603 2153 775 2214 Occidentis
798 2154 896 2229 capite
917 2153 996 2212 ludis
1018 2153 1272 2230 splendidissimis
1294 2175 1380 2233 prae-

67 2256 170 2316 sideret.
216 2256 346 2317 Omnino
378 2276 443 2316 cum
476 2257 702 2335 municipiorum
736 2265 766 2316 et
797 2257 1022 2334 magistratibus
1055 2265 1084 2316 et
1112 2257 1317 2319 sacerdotibus
1348 2260 1379 2318 in

65 2357 130 2418 ludis
155 2359 295 2438 legitimis
322 2360 445 2420 edendis
472 2359 574 2420 liceret
602 2379 657 2439 pro
684 2359 865 2420 circensibus
894 2359 1077 2419 scaenicisre
1106 2359 1292 2420 substituere¹
1316 2361 1378 2440 gla-

66 2461 180 2522 diatores
203 2463 250 2521 rel
277 2471 449 2535 venatores,
479 2463 537 2523 hoc
558 2463 602 2522 illi
625 2481 729 2539 saepe,
757 2463 788 2520 hi
814 2481 884 2521 raro
909 2461 1053 2536 tacerent,
1084 2463 1255 2524 sacerdotes
1281 2465 1379 2544 regio·

64 2582 121 2623 num
155 2575 184 2624 et
218 2566 449 2643 provinciarum,
493 2565 606 2641 pariter
641 2573 730 2642 atque
765 2563 880 2624 Romae
916 2573 1107 2642 quaestores,
1151 2565 1217 2643 legs
1252 2565 1377 2646 obligati

65 2666 157 2726 luerint
184 2685 307 2728 neccsse
333 2678 381 2727 est
406 2667 444 2725 ad
467 2685 574 2727 munus
597 2667 751 2727 edendum.
796 2668 903 2745 Itaque
925 2667 1090 2727 moderatio
1113 2667 1290 2746 gladiatorio
1312 2689 1376 2728 mu·

66 2772 116 2828 neri
135 2791 152 2828 a
174 2772 277 2830 Marco
297 2771 437 2848 imposita
459 2772 516 2830 etsi
538 2771 658 2830 illorum
681 2789 798 2848 qnoque
820 2771 969 2842 intererat,
996 2771 1046 2847 qui
1068 2779 1193 2848 possent
1215 2791 1233 2830 a
1255 2791 1377 2834 munere

66 2871 162 2932 edendo
187 2875 352 2946 abstinere,
380 2873 592 2952 multomagis
619 2875 675 2934 hos
703 2874 825 2932 iuvabat
850 2874 887 2933 ad
914 2874 945 2932 id
967 2873 1114 2934 edendum
1141 2883 1270 2934 coactos.
1313 2875 1376 2936 De·

63 2975 138 3051 nique
161 2976 250 3036 facile
275 2976 487 3054 intellegimus,
518 2976 666 3054 quomodo
695 2976 726 3034 id
751 2977 890 3036 evenerit.
928 2975 1071 3037 Vetustas
1097 2979 1244 3038 honorum
1271 2989 1301 3038 et
1326 2997 1375 3040 sa·

64 3078 245 3138 cerdotiorunr
268 3079 349 3158 leges
371 3099 437 3139 cum
460 3087 574 3140 mutare
596 3078 716 3138 difficile
742 3087 837 3152 esset,
864 3080 922 3139 hoc
944 3080 1179 3140 sacerdotiorum
1201 3099 1296 3159 genus
1319 3085 1374 3143 sub

63 3181 193 3260 Augustis
209 3183 325 3242 demum
347 3184 514 3243 institutum
537 3191 567 3240 ct
588 3189 621 3240 ut
643 3201 744 3242 eorum
768 3183 938 3242 numinibus
954 3183 1131 3256 dedicatum,
1153 3184 1196 3243 ita
1217 3192 1313 3244 totum
1335 3186 1374 3245 ab

61 3280 91 3341 iis
114 3285 243 3362 pendens
266 3295 318 3345 aut
339 3288 377 3346 ab
398 3286 483 3345 initio
506 3286 548 3344 ita
569 3287 709 3344 constitui
735 3287 848 3364 potuit,
874 3293 908 3344 ut
933 3287 1017 3364 gravi
1044 3287 1071 3346 ei
1094 3288 1178 3346 oneri
1204 3288 1373 3348 sacerdotes

60 3381 85 3443 hi
108 3388 299 3448 subderentur
325 3399 390 3464 ant,
419 3389 470 3449 ubi
495 3389 527 3448 id
552 3407 612 3447 uon
639 3389 806 3466 placuerat,
832 3389 1012 3469 procedente
1039 3398 1171 3467 tempore
1198 3389 1253 3450 sub
1279 3391 1371 3451 hono·

60 3489 132 3549 randi
151 3491 294 3571 principis
317 3493 416 3570 specie
438 3492 481 3552 ita
502 3492 661 3552 immutari.

128 3593 232 3655 Restat
247 3601 279 3654 ut
292 3595 447 3655 videamus
463 3594 500 3654 de
515 3595 715 3674 appellatione
737 3595 775 3656 ad
796 3595 960 3674 prinoipem
983 3595 1048 3656 eius
1063 3597 1114 3672 qui
1130 3596 1270 3657 sacerdos
1286 3617 1369 3658 crea·
1401 3605 1525 3673 Appella-

59 3701 96 3753 tns
109 3706 194 3770 esset,
216 3697 246 3756 id
262 3699 342 3774 quod
360 3718 385 3756 v.
406 3699 442 3759 16
466 3699 653 3776 significatur
667 3699 730 3758 fieri
752 3717 851 3777 posse.
885 3698 968 3758 Lites
983 3699 1020 3758 de
1035 3699 1199 3759 honoribus
1221 3709 1250 3760 et
1268 3719 1369 3759 mune·
1399 3699 1436 3749 tio
1454 3703 1525 3766 prin-

57 3797 127 3856 ribns
151 3800 228 3860 iuste
254 3801 330 3860 datis
357 3801 527 3878 negatisne,
556 3803 626 3861 item
653 3821 722 3862 oum
748 3801 851 3862 liceret
872 3821 909 3860 ea
934 3819 1074 3862 recusare
1096 3811 1214 3862 vetusto
1240 3803 1305 3862 iure
1331 3804 1370 3863 ad
1406 3793 1470 3857 elli*
1491 3795 1523 3844 dt

57 3899 140 3974 ipsius
153 3903 307 3980 municipii
322 3905 515 3980 magistratus
530 3913 560 3962 et
574 3904 709 3964 ordinem
732 3905 881 3981 pertinere
898 3912 928 3964 et
943 3923 997 3980 per
1013 3922 1045 3964 se
1061 3906 1241 3982 intellegitur
1256 3917 1286 3966 et
1300 3925 1370 3966 con·
1410 3901 1517 3937 ΝΜ

57 4001 175 4063 firmatur
197 4005 262 4082 lege
285 4005 420 4066 coloniae
443 4004 623 4078 Genetivae,
653 4005 815 4066 secundum
837 4025 927 4084 quam
950 4007 975 4066 si
997 4008 1065 4084 quis
1087 4009 1208 4068 decurio
1230 4010 1369 4087 indignus
1415 3978 1516 4030 ⁰⁶⁰⁰d⁰

56 4120 113 4162 esse
130 4107 244 4180 dicitur,
267 4107 304 4165 de
323 4127 359 4166 ea
378 4127 410 4166 re
429 4109 540 4168 iudicat
559 4105 716 4184 duonrt).
750 4105 810 4168 Sed
832 4110 889 4169 hao
903 4120 980 4168 certe
996 4117 1092 4170 aetate
1107 4111 1251 4186 appellari
1273 4115 1371 4187 potuit

56 4211 104 4264 tam
125 4209 160 4266 ab
181 4209 326 4268 eiusmodi
343 4211 463 4270 decreto
485 4229 573 4287 quam
597 4212 622 4270 si
645 4211 711 4288 quis
733 4229 841 4271 munus
863 4211 985 4288 aliquod
1000 4213 1047 4270 vel
1070 4213 1211 4271 honorem
1231 4214 1368 4273 sacerdo·

55 4307 148 4368 tinnire
169 4329 236 4370 curn
252 4311 392 4371 oneribus
408 4314 595 4373 coniunctum
619 4313 649 4371 in
667 4314 787 4373 civitate
802 4313 904 4392 aliqua
926 4325 1029 4374 contra
1050 4315 1095 4374 ius
1117 4315 1173 4374 sibi
1195 4316 1367 4393 impositum

54 4427 109 4470 esse
129 4413 318 4474 decurionum
341 4415 459 4476 decreto
482 4423 663 4493 quereretur,
690 4417 760 4476 licet
782 4424 928 4494 quatenns
951 4435 1005 4476 eae
1027 4417 1241 4496 appellationes
1262 4437 1367 4495 perre-

54 4515 138 4574 nerint
156 4528 186 4577 et
203 4517 352 4594 quomodo
367 4518 442 4578 fines
464 4521 538 4579 recti
554 4520 614 4578 sint
634 4519 711 4578 inter
726 4519 878 4598 municipii
899 4520 946 4580 ius
970 4528 999 4579 et
1019 4519 1248 4598 magistratuum
1271 4520 1366 4599 publi·

53 4679 241 4694 —-—-——-

116 4792 137 4856 ¹)
165 4795 210 4849 Sic
228 4797 304 4863 plene
322 4799 349 4849 in
368 4799 535 4866 Lugdunensi
554 4801 670 4852 Henzoni
689 4815 715 4852 n.
730 4799 816 4864 taos3
841 4797 870 4865 [u
888 4797 980 4866 t]riboe
994 4801 1128 4870 provincis
1149 4797 1245 4864 <loidis
1263 4809 1367 4854 ornatus

52 4885 190 4952 mardonio
209 4891 311 4941 videtur
330 4893 454 4958 appellari
478 4893 504 4943 in
530 4893 611 4944 altera
635 4895 696 4945 itern
715 4893 880 4959 Lugdunensi
899 4895 1015 4946 Honzeni
1035 4912 1061 4946 n.
1077 4897 1157 4957 bibl,
1182 4893 1300 4946 aoeedoe
1318 4895 1370 4947 III

49 4979 223 5041 proviaeiormrr
238 4981 380 5034 Galliarum
400 4986 426 5034 in
446 4986 565 5052 Sequana
585 4985 860 5038 Orell.184=185.
892 4989 948 5039 Hoc
967 4988 1137 5039 sacerdotium
1156 4987 1239 5038 solum
1258 4989 1286 5039 in
1305 5003 1365 5040 aare

51 5070 184 5138 significari,
204 5091 257 5125 non
276 5077 441 5142 municipalia
455 5077 608 5142 Galliarum,
628 5079 689 5128 inde
708 5079 845 5146 colligitur,
865 5081 935 5147 quod
955 5087 1043 5132 oontm
1063 5081 1117 5130 eius
1136 5081 1274 5132 sacerdotis
1294 5097 1363 5133 crea-

51 5162 134 5216 tionem
147 5168 277 5233 appellare
296 5183 370 5233 posse
389 5171 512 5235 populum
532 5173 651 5221 statuitur
666 5188 689 5221 r.
705 5173 753 5235 to;
774 5171 801 5223 ld
815 5173 883 5224 enim
902 5175 929 5224 in
943 5173 1100 5225 sacerdotem
1115 5175 1297 5240 municipalem
1311 5191 1363 5236 non

52 5255 114 5320 eadit,
132 5259 200 5309 cadit
218 5260 245 5310 in
264 5261 423 5312 sacerdotem
442 5262 551 5314 electum
570 5279 587 5314 a
604 5265 740 5329 sexaginta
758 5267 870 5332 quinque
888 5267 1035 5318 civitatibus
1053 5265 1206 5323 cotiarum.

7 5359 8 5362 ’
113 5345 136 5412 ²)
163 5351 193 5403 0.
210 5353 271 5403 105.
310 5352 596 5423 Cl.Ephem.epigr.2
616 5373 642 5424 p.
658 5357 719 5409 133.
