3374 5930
410 693 710 748 osseavaurouns
730 695 1014 748 urroaarurcan.
1300 677 1373 746 415

47 877 141 927 torato
164 877 235 946 post
256 869 464 928 liberationem
486 867 515 926 in
538 869 679 928 harenam
701 879 842 928 revocato
863 887 923 927 nun
941 867 1011 947 plus
1027 868 1102 928 solvi
1118 869 1189 929 licet
1204 869 1374 930 sestertium

47 971 196 1030 duodecim
220 972 315 1044 milia,
337 989 413 1048 qnae
435 981 483 1030 est
504 979 610 1030 octava
631 975 846 1032 auctoramenti
869 991 888 1030 a
908 971 1031 1031 Tiberio
1055 973 1126 1032 doti.

122 1073 172 1133 De
205 1075 289 1132 hisce
321 1073 479 1150 generibus
513 1074 711 1152 gladiatorum
741 1077 784 1134 ita
812 1074 990 1152 disponitur,
1026 1084 1058 1134 ut
1086 1074 1160 1134 nihil
1189 1081 1316 1134 novetur
1344 1075 1374 1132 in

46 1177 213 1236 muneribus
241 1175 432 1248 assiforanis,
458 1177 567 1253 quibus
595 1195 687 1254 supro
707 1197 735 1254 p.
753 1177 813 1238 399
837 1178 964 1236 vidimus
986 1179 1180 1254 quaestuaria
1202 1178 1374 1255 significari,

45 1289 71 1336 et
96 1281 162 1338 sine
190 1279 282 1338 dubio
310 1297 347 1338 ne
374 1280 404 1338 in
431 1279 599 1338 honorariis
624 1279 743 1357 quidem
771 1289 922 1356 sumptum
950 1280 1120 1338 sestertium
1142 1279 1235 1340 XXX
1258 1280 1373 1338 milium

46 1401 100 1440 nou
123 1381 337 1458 superantibus
361 1381 402 1458 (v.
420 1380 488 1458 29),
516 1382 546 1440 id
568 1381 648 1458 quod
670 1382 801 1441 sortasse
823 1382 971 1460 significat
992 1383 1022 1440 in
1045 1383 1092 1441 his
1114 1383 1269 1461 gregarios
1292 1383 1373 1440 solos

48 1501 206 1562 pugnasse.
249 1483 371 1543 Diserte
398 1485 428 1542 id
457 1495 578 1542 cavetur
605 1486 642 1544 de
672 1485 835 1544 civitatium
863 1483 1047 1544 Gallicarum
1079 1485 1251 1544 muneribus
1279 1485 1373 1543 sacris

45 1585 82 1658 (r.
99 1584 170 1661 56);
201 1587 316 1645 scilicet
341 1587 535 1664 municipalia
562 1587 634 1647 haec
657 1597 742 1646 erant
763 1585 905 1645 inferiora
927 1585 1014 1645 editis
1035 1606 1055 1644 a
1076 1587 1280 1646 sacerdotibus
1306 1605 1373 1664 pro·

43 1687 214 1747 vinciarum.
256 1687 325 1748 Hoc
351 1699 383 1748 ut
410 1689 588 1767 perficiatur,
615 1689 789 1750 lanistarum
818 1707 937 1767 qnoque
965 1690 1092 1748 avaritia
1119 1689 1289 1762 adhibetur;
1317 1690 1374 1748 sci-

41 1789 107 1849 lieet
133 1810 202 1850 cnm
229 1791 295 1869 lege
322 1792 517 1852 coustitutum
539 1801 630 1864 esset,
658 1799 690 1851 ut
711 1791 837 1870 singulis
861 1791 966 1850 diebus
990 1792 1040 1870 qui
1061 1803 1242 1870 pugnarent,
1271 1811 1372 1850 eorum

41 1893 161 1952 dimidia
183 1911 255 1970 pars
278 1901 329 1952 ant
350 1913 388 1954 ex
410 1871 565 1972 gregariis*
578 1901 659 1954 esset
681 1904 734 1954 aut
755 1913 810 1972 pro
825 1895 981 1974 gregariis,
1003 1895 1211 1954 deficientibus
1227 1896 1373 1972 gregariis

40 1995 146 2054 lanista
174 1997 356 2055 substituere
380 1996 498 2056 iubetur
525 1997 679 2070 meliores,
707 1998 815 2057 damno
842 1997 957 2056 scilicet
979 2016 1048 2072 suo,
1076 2017 1143 2058 cum
1167 2015 1283 2057 summa
1305 2017 1371 2057 cum

40 2099 151 2156 editore
175 2098 309 2157 stabilita
330 2107 490 2177 propterea
511 2118 570 2158 uon
593 2107 744 2178 augeatur.

119 2201 230 2260 Altera
251 2220 322 2278 pars
344 2201 542 2279 gladiatorum
565 2205 726 2280 generatim
750 2203 952 2281 distinguitur,
983 2203 1034 2262 sed
1057 2203 1116 2261 alia
1138 2203 1254 2262 ratione
1281 2203 1310 2260 in
1333 2201 1372 2260 ci·

40 2303 181 2362 vitatibus
196 2304 369 2380 sortior-idua
392 2303 434 2382 (v.
451 2303 515 2381 48),
538 2305 568 2362 in
591 2307 698 2383 quibus
720 2325 774 2383 per
796 2324 890 2365 annos
914 2307 1068 2382 proximos
1090 2307 1236 2381 ampliora
1257 2304 1372 2380 plodio·

40 2415 127 2464 torum
147 2410 246 2483 pretio
260 2409 423 2484 flagrarent
444 2407 485 2484 (v.
501 2407 567 2484 47),
595 2408 656 2467 alia
678 2409 708 2466 in
732 2409 926 2468 tenuioribus.
970 2409 1005 2468 In
1028 2409 1088 2467 illis
1111 2427 1264 2466 munerum
1287 2415 1371 2484 quat-

40 2517 102 2566 tuor
124 2509 242 2568 classes
264 2511 339 2568 fiunt
365 2510 525 2570 secundum
549 2521 698 2590 sumptus,
726 2513 823 2588 prima
845 2531 863 2569 a
885 2519 958 2570 sest.
974 2511 1070 2569 XXX
1093 2511 1214 2569 milibus
1241 2509 1277 2566 nd
1301 2507 1370 2582 LX,

41 2613 167 2672 secunda
189 2613 258 2670 inde
280 2613 318 2670 ad
342 2609 366 2671 C
388 2613 479 2686 milia,
502 2615 589 2672 tertia
610 2614 678 2672 inde
701 2613 738 2672 ad
762 2611 815 2674 CL
833 2615 925 2688 milia,
948 2614 1052 2691 quinta
1074 2631 1207 2672 summae
1230 2613 1286 2671 hac
1308 2631 1369 2670 ma-

41 2713 115 2784 ioris,
138 2725 169 2773 et
191 2723 332 2791 quattuor
353 2715 422 2773 illae
444 2715 642 2794 gladiatorum
665 2717 889 2776 aestimationes
912 2716 949 2774 ad
970 2734 1021 2775 eos
1043 2716 1153 2793 gradus
1173 2715 1371 2792 applicantur.

43 2813 156 2876 Classes
183 2817 367 2892 praebebunt
384 2817 521 2877 homines
542 2837 657 2877 numero
676 2822 749 2895 puri
771 2818 813 2896 (r.
831 2819 884 2894 30)
907 2818 1050 2896 adeoque,
1074 2820 1098 2876 si
1115 2835 1222 2877 munus
1237 2837 1291 2895 per
1305 2818 1371 2896 plu-

41 2935 83 2974 res
97 2919 163 2978 dies
181 2919 412 2992 continuabitur,
435 2920 464 2978 in
488 2921 623 2998 singulos
640 2921 704 2980 dies
720 2926 819 2998 aequin
837 2922 970 3000 partibor
993 2921 1035 2998 (v.
1053 2921 1115 2996 39).
1150 2919 1200 2978 Ita
1220 2939 1286 2978 cum
1309 2939 1370 2978 mu-

42 3039 90 3079 nus
112 3023 213 3080 editur
229 3021 318 3080 biduo
335 3019 390 3081 CX
406 3023 519 3082 milium
535 3031 565 3081 et
579 3024 693 3099 parium
710 3023 907 3100 gladiatorum
923 3023 1028 3096 XXX,
1052 3023 1227 3101 pugnabunt
1242 3023 1371 3100 gregarii

41 3121 139 3197 XXX,
163 3145 203 3183 ex
226 3125 357 3202 quinque
380 3133 478 3184 autem
501 3126 657 3184 ordinibus
680 3127 841 3187 schematis
864 3127 943 3186 tertii
965 3127 1039 3198 seni,
1062 3135 1091 3184 et
1106 3127 1235 3204 siugulis
1251 3125 1370 3202 quidem

42 3223 136 3284 diebus
160 3227 289 3305 gregarii
312 3227 397 3304 quini
418 3227 495 3301 deni,
523 3247 561 3287 ex
583 3231 713 3306 quinque
734 3229 888 3288 ordinibus
912 3231 995 3288 terni.
1020 3261 1061 3272 -
1083 3231 1123 3286 At
1144 3229 1173 3285 in
1197 3228 1371 3288 civitatibus

41 3333 131 3388 minus
154 3329 361 3408 frequentibus
383 3331 563 3408 permittitur
584 3332 714 3410 praesidi
738 3333 909 3408 provinciae
932 3333 979 3391 vel
1001 3333 1031 3390 in
1055 3331 1143 3388 ltalia
1165 3331 1192 3389 ei
1214 3331 1371 3408 magistra-

42 3431 77 3488 tui
97 3433 133 3490 ad
157 3451 248 3509 quem
271 3451 307 3492 ea
329 3450 377 3491 res
400 3433 529 3511 pertinet
550 3435 674 3494 retentis
697 3435 792 3493 tribus
815 3435 1012 3512 gladiatorum
1037 3433 1194 3512 generibus
1208 3433 1369 3492 schematis

41 3534 145 3594 seilicet
174 3535 262 3612 primi
290 3533 372 3610 (nam
396 3553 431 3592 eo
453 3545 588 3612 spectant
608 3537 699 3596 verba
721 3555 749 3595 v.
765 3537 804 3596 49
829 3541 926 3614 pretia
949 3555 1058 3596 semota
1083 3555 1118 3596 oc
1138 3537 1232 3596 medio
1254 3555 1289 3596 ac
1315 3554 1370 3612 po-

41 3637 148 3713 stremo)
179 3637 239 3696 alio
266 3637 355 3696 modo
382 3639 479 3714 pretia
504 3639 535 3697 in
557 3639 686 3698 futurum
710 3637 846 3698 definire:
879 3639 993 3699 scilicet
1019 3648 1071 3697 ant
1098 3639 1257 3698 rationibus
1279 3639 1370 3696 decem

40 3749 222 3798 retroversum
246 3759 387 3799 annorum
412 3744 546 3818 inspectis
574 3741 615 3817 (r.
640 3743 693 3816 51)
727 3750 786 3800 tam
817 3742 944 3822 publicis
973 3760 1063 3818 quam
1096 3743 1223 3817 privatis
1254 3739 1296 3816 (v.
1314 3739 1369 3814 49)

40 3841 133 3900 eadem
162 3861 240 3918 quae
267 3843 387 3902 fuerunt
412 3843 509 3920 pretia
535 3843 566 3902 in
591 3843 723 3902 futurum
753 3844 906 3904 observari
933 3845 1058 3916 iubebit,
1090 3851 1141 3903 aut
1167 3843 1228 3901 alia
1254 3844 1370 3901 ratione

41 3945 163 4004 muneris
185 3947 324 4024 proxime
345 3946 436 4006 futuri
460 3947 556 4022 pretia
570 3945 715 4004 trifariam
731 3947 853 4005 definiet
874 3956 903 4006 et
924 3947 967 4005 ita
981 3945 1078 4006 factos
1094 3955 1155 4006 tres
1170 3945 1282 4024 gradus
1298 3946 1368 4006 item

41 4045 264 4125 inperpetuum
287 4047 470 4124 stabiliet1).

115 4149 257 4228 Denique
284 4151 435 4228 singulare
460 4152 599 4228 quiddam
628 4152 815 4210 constituitur
836 4172 863 4210 v.
881 4153 1012 4212 59-61
1037 4152 1074 4210 de
1101 4153 1198 4230 pretio
1223 4153 1369 4230 gladiato-

39 4269 96 4308 rum
118 4272 138 4310 a
159 4253 365 4314 sacerdotibus
388 4255 605 4330 provinciarum
628 4263 795 4330 emptorum
817 4275 877 4313 uon
900 4255 1051 4333 augendo,
1081 4255 1272 4314 obscuratum
1296 4273 1369 4314 saue

41 4353 99 4411 eius
121 4355 229 4431 capitis
252 4357 382 4416 hiatibus
405 4367 434 4416 et
454 4357 612 4418 fabrilibus
635 4375 754 4434 quoque
774 4359 925 4417 erroribus
947 4357 1029 4434 (nam
1046 4365 1075 4414 et
1090 4357 1262 4434 praesentia
1276 4357 1367 4417 offen·

40 4453 106 4514 duut
128 4468 157 4514 et
178 4468 209 4516 at
231 4459 438 4536 vocabulum),
462 4459 513 4518 sed
536 4459 615 4535 quod
637 4459 837 4536 intellegatur.
878 4460 921 4518 Hi
944 4478 1124 4536 quamquam
1148 4479 1206 4518 non
1230 4469 1369 4518 vetantur

42 4575 132 4618 emere
158 4559 340 4638 gladiatores
369 4581 387 4619 a
411 4561 543 4634 lanistis,
570 4561 601 4620 id
623 4562 703 4637 quod
725 4581 821 4638 neque
842 4561 906 4622 fieri
928 4563 1024 4638 potuit
1046 4571 1161 4620 etcum
1184 4563 1250 4620 loco
1272 4583 1300 4622 v.
1320 4563 1366 4622 13.

43 4659 77 4718 14
98 4673 159 4722 tum
182 4663 325 4723 extremis
345 4663 444 4723 verbis
466 4683 493 4723 v.
508 4663 545 4722 61
563 4663 673 4723 diserte
694 4663 849 4736 refellitur,
873 4673 971 4724 tumen
992 4665 1088 4742 magis
1112 4664 1210 4742 placet
1229 4666 1367 4744 principi,

41 4771 69 4820 ut
92 4765 274 4840 gladiatores
301 4777 351 4826 ant
378 4787 397 4825 a
417 4767 572 4827 sacerdote
593 4767 643 4843 qui
667 4766 723 4825 suit
744 4767 892 4844 recipiant
913 4776 964 4825 aut
985 4777 1157 4826 auctoratos
1180 4775 1366 4844 comparent:

42 4871 191 4945 utrumque
218 4887 313 4948 genus
339 4869 447 4930 deinde
468 4870 633 4930 successori
656 4869 773 4929 tradere
795 4869 931 4929 iubentur
953 4871 1058 4930 eodem
1081 4888 1139 4947 quo
1162 4887 1214 4930 eos
1236 4869 1367 4948 adquisi-

44 5090 238 5106 *-—·=—-——-

113 5291 136 5359 ¹)
166 5296 206 5348 Ita
225 5297 389 5363 accipiendus
408 5298 583 5350 videturesse
602 5298 674 5350 locas
694 5313 717 5348 r.
733 5298 767 5350 53
787 5305 920 5364 corruptus
939 5305 964 5349 et
982 5311 1072 5364 parum
1092 5299 1249 5365 perspicuus.

1423 2213 1511 2264 Pretio

1409 2322 1455 2371 per
1468 2307 1529 2356 eiri-

1438 2407 1503 2448 tates

1417 2492 1518 2542 diversa
