3466 5926
285 552 307 623 8
767 565 927 616 amnone
945 566 1152 620 asovnanau

282 765 345 822 iere
367 777 456 835 quam
478 761 560 820 credi
582 767 677 834 potest
698 761 830 820 intestata
854 769 883 819 et
905 765 943 820 ita
967 765 1098 820 intricata
1114 771 1168 832 est,
1194 770 1227 820 ιιι
1248 766 1284 821 iis
1304 780 1406 822 omnes
1428 765 1640 838 deciperemur

283 875 312 926 et
326 868 444 926 omnino
460 881 495 924 eo
511 868 568 922 iam
583 881 631 922 res
646 865 771 924 deducta
793 872 881 934 asset,
907 873 939 922 ut
960 881 1055 936 paene
1070 866 1175 924 malins
1190 875 1269 924 esset
1283 865 1320 924 ab
1335 869 1381 925 his
1396 868 1640 941 inscriptionibus

283 970 457 1028 adhibendis
485 969 571 1040 plane
599 968 757 1026 abstinere.
804 969 979 1026 Examinatis
1000 975 1097 1026 antem
1126 971 1211 1042 longa
1233 974 1357 1028 maxima
1379 972 1527 1044 glandium
1552 979 1639 1046 parte

283 1075 314 1130 in
335 1075 444 1130 muscis
466 1088 525 1143 qua
547 1071 674 1144 publicis
695 1087 754 1144 qua
774 1072 895 1144 privatis
916 1077 1096 1130 servatarum
1118 1075 1251 1131 effecisse
1273 1073 1344 1130 mibi
1361 1075 1474 1146 videor,
1498 1081 1532 1132 nt
1557 1093 1638 1134 nuno

283 1179 410 1246 primum
431 1177 524 1232 series
546 1190 648 1232 earum
669 1177 746 1232 sicut
774 1173 811 1232 ab
835 1175 986 1233 erroribus
1007 1176 1151 1234 editorum
1179 1179 1309 1249 priorum
1339 1179 1377 1234 ita
1405 1195 1422 1234 a
1450 1179 1639 1237 falsariorum

282 1279 435 1337 fraudibus
460 1285 582 1350 purgata
610 1277 752 1350 prodiret.
820 1277 991 1348 Spuriarnm
1027 1281 1173 1352 ingentem
1198 1296 1353 1338 numanam
1379 1283 1410 1337 in
1436 1281 1493 1338 tine
1518 1282 1638 1340 subieci

283 1383 438 1441 collectum
460 1381 665 1454 digestumqne
688 1396 778 1454 opera
799 1397 894 1452 aeque
916 1382 1045 1440 taediosa
1066 1398 1101 1439 ac
1123 1385 1297 1441 necessaria.

370 1484 525 1542 Claudium
553 1482 764 1542 Asculauarnm
792 1483 866 1542 haec
895 1484 984 1544 editio
1012 1501 1078 1542 mea
1107 1501 1203 1559 nuper
1231 1489 1261 1543 iu
1290 1486 1419 1558 Corpore
1448 1488 1541 1545 lnscr.
1569 1488 1634 1543 Lat.

283 1589 400 1646 vellii
421 1604 451 1644 n.
472 1593 716 1646 nostr-anun
744 1602 877 1646 seorsum
904 1605 1012 1646 excusa
1039 1595 1095 1646 est.
1152 1589 1195 1646 lbi
1223 1588 1344 1662 glandes
1371 1589 1474 1648 iisdem
1501 1592 1638 1648 numeris

281 1693 392 1764 signavi
421 1691 476 1747 nisi
509 1689 588 1762 quod
618 1705 639 1746 ι.
665 1705 696 1746 ιι.
723 1704 755 1746 ιιι
792 1691 849 1746 iarn
879 1693 981 1748 mutati
1012 1697 1080 1748 snut
1108 1692 1139 1748 in
1162 1696 1192 1749 6.
1219 1695 1272 1750 aa.
1307 1691 1360 1749 66.
1420 1694 1576 1749 Praeterea
1606 1695 1637 1749 in

282 1793 411 1865 Corpore
438 1793 562 1850 omissae
588 1799 655 1849 sunt
680 1792 797 1850 tabulae
819 1793 1007 1866 phototypae,
1034 1811 1101 1851 cum
1130 1793 1189 1851 illic
1211 1793 1331 1865 quidem
1356 1796 1426 1850 salis
1448 1809 1515 1851 esse
1538 1797 1636 1852 visum

283 1903 361 1952 esset
389 1897 595 1967 inscriptiones
617 1895 758 1966 quasdam
781 1895 933 1953 delineatis
961 1897 1135 1970 imaginibus
1161 1903 1394 1970 repraesentare.
1441 1897 1553 1956 Rursus
1578 1898 1635 1956 hoc

282 1999 346 2056 loco
368 2001 507 2068 imagines
529 1998 689 2054 delineatae
711 1997 857 2070 glandium
888 2003 917 2070 i,
937 2015 974 2057 ιι.
1009 2006 1038 2072 6,
1058 2015 1212 2059 ιο.ιι.ιι.
1245 2005 1319 2069 9,ι.
1338 2015 1432 2057 anae.
1453 2017 1491 2056 ιι.
1518 2005 1633 2069 2l,11.

282 2106 334 2170 25,
354 2117 378 2157 ι.
405 2105 456 2172 66,
477 2115 500 2156 1.
527 2105 578 2170 66,
598 2117 623 2158 ι.
650 2104 701 2158 36.
730 2103 779 2172 66,
800 2118 823 2158 1.
854 2105 933 2170 li‚1
961 2105 1061 2173 omisi,
1094 2105 1163 2175 quia
1192 2102 1229 2158 ad
1258 2117 1358 2159 aarum
1386 2101 1492 2160 ductus
1520 2120 1636 2176 cogno-

282 2203 407 2261 scendos
436 2203 569 2272 exempla
603 2202 762 2276 phototypa
791 2205 950 2272 sufficiunt3
977 2206 1105 2278 reliquas
1134 2205 1288 2264 nonnullas
1317 2205 1366 2262 hic
1395 2208 1498 2278 repetii
1527 2209 1636 2278 partim

281 2313 454 2381 propterea,
487 2305 568 2378 qnod
598 2307 730 2380 exempla
759 2307 907 2380 beliotypa
930 2309 1068 2366 evanidas
1096 2309 1158 2364 illas
1180 2309 1393 2380 inscriptiones,
1419 2315 1452 2365 ιιι
1474 2315 1636 2366 consenta-

281 2425 370 2467 neum
393 2415 448 2479 est,
473 2411 570 2466 minus
592 2409 670 2467 clare
693 2408 831 2468 exhibent
853 2416 882 2467 et
897 2411 1059 2469 curandum
1081 2411 1144 2482 luit,
1171 2417 1204 2467 nt
1217 2411 1381 2468 lectionisa
1399 2427 1447 2468 me
1463 2413 1634 2484 propositae

280 2513 449 2570 huiusmodi
476 2513 674 2584 interpretatio
702 2515 923 2584 recognoscenti
948 2513 1157 2587 praeberetnr;
1199 2513 1342 2570 accedunt
1371 2515 1511 2586 paneadae
1542 2515 1631 2582 aliae,

281 2631 406 2688 quarum
435 2631 503 2672 cum
529 2615 617 2672 lectio
644 2622 759 2686 reperta
786 2616 916 2673 noudum
943 2619 980 2673 sit
1001 2633 1035 2672 ac
1062 2617 1183 2675 fortasm
1205 2619 1328 2688 reperiri
1350 2619 1469 2674 omnino
1490 2625 1631 2690 nequeat,

281 2719 413 2790 vestigia,
439 2734 515 2790 qnae
537 2717 609 2775 mibi
631 2725 745 2775 exstare
762 2718 908 2787 videntur,
933 2719 1132 2792 typographus
1153 2725 1374 2790 repraesentare
1397 2736 1456 2778 non
1477 2723 1582 2790 possit.

367 3114 398 3170 L.
417 3114 524 3170 biarcio
543 3111 674 3186 Philippo
697 3111 764 3170 Sex.
784 3111 855 3169 lulio
870 3112 993 3169 Caesare
1015 3112 1186 3170 consulibus
1213 3107 1249 3190 (a.
1268 3129 1300 3170 u.
1321 3107 1392 3189 663)
1420 3113 1520 3186 populi
1543 3114 1634 3170 italici

280 3236 296 3274 a
320 3217 455 3274 Romanis
478 3215 649 3273 deiecerunt
658 3210 679 3292 ¹)
713 3217 793 3274 initio
819 3221 898 3274 moto
928 3233 944 3271 a
975 3214 1157 3286 Picentibus,
1190 3219 1242 3288 qui
1269 3215 1325 3273 sub
1355 3217 1444 3273 finem
1473 3218 1537 3273 eins
1564 3218 1633 3274 anni

279 3319 379 3378 asculi
402 3319 555 3376 Servilium
581 3319 787 3392 proconsulem
810 3336 845 3375 ex
868 3325 1005 3392 praetura
1033 3320 1155 3376 missum
1176 3321 1387 3391 Fonteiumque
1410 3319 1536 3390 legatum
1564 3337 1632 3377 cum

280 3421 429 3494 omnibns,
448 3425 498 3494 qui
521 3424 551 3479 in
574 3439 609 3480 eo
632 3423 740 3494 oppido
763 3429 823 3478 tum
847 3421 978 3490 aderant,
1004 3421 1119 3478 civibus
1134 3423 1270 3480 Romanis
1292 3422 1474 3480 trucidarunt
1482 3415 1520 3499 2).
1555 3423 1632 3481 Socii

280 3527 389 3584 ltaliam
419 3528 449 3583 in
471 3526 544 3582 duas
566 3533 664 3596 partes
686 3525 846 3582 diviserunt
875 3523 1105 3598 consulibusque
1127 3525 1244 3584 duobus
1270 3541 1338 3584 cum
1360 3525 1516 3584 duodecim
1542 3543 1633 3600 prae-

279 3627 392 3686 toribus
415 3633 519 3688 creatis
548 3629 673 3686 alterum
701 3629 817 3686 illorum
838 3629 870 3684 C.
888 3628 1007 3700 Papium
1029 3629 1159 3686 Mutilum
1188 3633 1265 3703 parti
1287 3629 1478 3698 meridionali,
1505 3629 1631 3686 alterum

280 3732 316 3803 Q.
336 3727 564 3810 Poppaedium³)
592 3731 719 3790 Silonem
742 3731 960 3804 septentrionali
983 3727 1233 3810 praefecerunt).
1274 3733 1307 3788 ln
1329 3735 1461 3790 exercitu
1482 3734 1630 3790 sociorum

279 3841 398 3894 centum
427 3837 505 3892 milia
535 3835 667 3906 peditum
695 3836 887 3906 equitumque
914 3834 1004 3890 luisse
1033 3834 1204 3906 traduntur,
1236 3835 1415 3907 totidemque
1442 3838 1472 3892 iu
1501 3835 1631 3894 Romano

284 3934 369 4017 (App.
392 3945 419 4009 t,
437 3933 503 4016 69).
552 3937 621 3994 Gari
642 3943 739 3994 antem
761 3941 898 4008 coeptum
921 3941 964 3992 est
986 3935 1096 3994 bellum
1120 3953 1195 3995 anno
1218 3939 1383 4010 insequenti
1409 3931 1450 4016 [u.
1469 3955 1496 3996 ο.
1518 3931 1589 4014 666)
1605 3935 1626 4012 ⁵)

280 4059 347 4100 cum
369 4043 438 4100 alibi
466 4040 504 4097 ab
526 4041 590 4097 aliis
612 4046 674 4096 tum
695 4041 726 4096 in
748 4037 915 4098 Picentibus
943 4055 960 4094 a
989 4039 1042 4096 Cn.
1068 4040 1204 4110 Pompeio
1226 4039 1368 4099 Strabone
1391 4041 1422 4096 P.
1449 4041 1535 4099 llutili
1558 4042 1630 4112 Lupi

280 4147 409 4205 consulis
430 4137 572 4221 legant).
620 4144 647 4198 ls
668 4145 763 4215 primo
786 4146 880 4200 victus
902 4147 946 4198 est
973 4137 1066 4218 (Oros.
1089 4135 1173 4220 διο)
1200 4143 1237 4202 ab
1261 4145 1293 4200 C.
1312 4139 1496 4217 Vidacilio'll,
1522 4145 1555 4202 T.
1574 4146 1630 4202 La-

349 4363 372 4424 ι)
395 4361 529 4412 cinnoma
542 4363 574 4409 ιι
593 4373 636 4425 ap.
658 4359 746 4420 rnna,
766 4359 861 4410 sirano
880 4363 894 4409 ι
914 4374 941 4425 p.
956 4361 1017 4420 ιιι,
1037 4360 1129 4411 ninus
1146 4373 1205 4426 per.
1220 4364 1252 4412 ιι
1266 4381 1299 4404 =
1314 4363 1390 4413 oros.
1405 4365 1431 4422 ι,
1447 4366 1477 4412 ιι
1492 4360 1505 4427 q
1519 4368 1544 4422 ι,
1569 4345 1630 4413 rio-

279 4461 326 4499 rus
344 4452 370 4508 6,
386 4451 411 4508 6,
432 4448 545 4513 Appian.
566 4445 593 4495 b.
613 4446 664 4496 cir.
681 4449 706 4505 l,
721 4447 765 4497 66.

348 4535 371 4596 6)
394 4533 450 4583 liv.
471 4545 530 4599 per.
550 4534 577 4582 et
595 4532 683 4591 Oros„
703 4531 771 4596 App.
794 4535 817 4592 ι,
839 4535 881 4582 66.
901 4558 936 4568 -
955 4531 992 4582 De
1010 4531 1124 4582 Servilio
1148 4531 1182 4583 ci.
1203 4534 1352 4584 Mommsen
1373 4533 1535 4585 Stootarecit
1553 4535 1626 4586 edi

280 4622 303 4672 ll
316 4633 344 4686 p.
360 4623 409 4669 666
429 4619 484 4669 ιιοι.
499 4623 525 4668 6.
920 4673 924 4685 Ι

348 4709 373 4768 6)
394 4706 558 4768 Poppaedius
580 4707 622 4754 ast
646 4705 674 4753 in
694 4703 840 4754 Periocbae
865 4702 960 4754 codice
978 4703 1143 4765 nazaraeno,
1171 4717 1258 4769 eaque
1280 4703 1368 4756 iorma
1386 4704 1566 4756 confirmatur
1584 4708 1627 4756 in-

277 4791 488 4858 scriptionibus;
511 4791 657 4854 Poppedius
675 4791 785 4841 Orosius
804 4791 831 4840 et
849 4789 978 4850 Velleius,
998 4785 1156 4858 Πομπαίδιος
1175 4790 1285 4842 Diodor.
1305 4794 1332 4842 et
1350 4793 1418 4857 App.

348 4879 371 4940 ι)
393 4877 503 4928 Diodor.
525 4891 583 4928 exc.
604 4876 679 4927 Phnt.
700 4889 727 4942 p.
745 4879 794 4927 666
813 4876 902 4927 Wess.

347 4963 371 5022 6)
392 4963 480 5024 Quare
505 4963 570 5014 hnic
593 4976 665 5013 anno
689 4963 854 5028 principium
876 4961 941 5013 belli
964 4961 1124 5014 adscribunt
1149 4961 1209 5014 lasti
1227 4961 1371 5028 Capitolini
1398 4963 1441 5026 (ci.
1456 4961 1573 5029 Ephem.
1593 4965 1626 5013 lV

277 5064 302 5116 p.
319 5049 391 5111 666),
412 5049 482 5102 Vell.
497 5053 522 5110 6,
539 5053 580 5112 it,
600 5048 704 5099 Plinius
723 5063 749 5101 n.
765 5048 822 5098 Ιι.6
841 5047 926 5113 6666.

347 5138 371 5198 6)
393 5137 471 5187 Oros.
486 5139 511 5196 6,
527 5139 558 5186 46
576 5134 650 5201 §⁴⁰3
672 5135 739 5200 App.
756 5139 781 5194 l,
796 5137 837 5182 to.

347 5224 371 5283 t)
393 5223 437 5272 Sic
464 5221 527 5284 lucu
551 5220 700 5282 Ιιιιιοοιιιιιι)
728 5221 815 5270 orosii
840 5217 965 5280 codices;
993 5215 1066 5270 noni.
1086 5219 1201 5285 Appiani
1222 5224 1246 5280 t,
1263 5221 1293 5270 ti
1319 5219 1428 5273 codices
1453 5220 1558 5287 optimi.
1596 5223 1626 5271 ln

278 5308 357 5360 titulo
375 5309 455 5375 Corp.
474 5307 529 5360 vol.
544 5307 580 5358 1x
598 5319 625 5358 n.
640 5309 707 5357 6666
726 5305 843 5356 habetur
861 5316 1012 5368 cognomen
1031 5303 1209 5364 Quidacilins.
