3374 5930
397 707 695 763 ossnsvnrronns
713 707 999 760 arroasrnrosa.
1289 685 1359 756 397

119 883 322 958 Magistratus,
348 901 423 960 quos
446 883 740 944 senatusconsultum
763 882 999 942 animadvertere
1020 881 1112 954 iubet,
1142 899 1179 940 nc
1201 879 1273 956 qnid
1295 899 1363 940 con·
1383 890 1451 940 Cura
1468 905 1522 939 ma-

53 993 89 1040 tra
106 985 161 1056 liat,
184 986 215 1044 bi
237 995 317 1044 sunt.
1384 984 1534 1048 8¹⁸²f⁸⁸¹¹¹¹m

121 1090 144 1144 l.
187 1087 223 1146 ln
246 1089 420 1164 provinciis,
446 1090 553 1166 quibus
575 1099 627 1148 aut
652 1089 845 1166 proconsules
872 1096 1014 1166 praesunt
1037 1094 1087 1145 aut
1108 1085 1199 1166 legati
1220 1087 1362 1164 Augusti,
1405 1075 1436 1180 ⁵¹¹·
1452 1091 1510 1140 1²10·

1412 1183 1503 1218 umens

51 1293 162 1353 solun
180 1314 240 1352 non
259 1295 468 1371 comprehendi
492 1295 549 1354 nisi
570 1295 713 1354 senatorii
728 1294 841 1352 ordinis
857 1295 936 1352 viros
953 1292 1102 1370 colligitur
1117 1311 1155 1351 ex
1171 1293 1362 1368 sequentibus

50 1413 70 1450 r.
83 1395 126 1452 42.
158 1395 345 1456 Permittitur
366 1409 464 1457 tamen
486 1397 687 1476 praesidibus,
711 1397 736 1454 si
752 1397 845 1454 velint
866 1395 948 1472 (uam
965 1397 1056 1476 verba
1078 1397 1179 1472 quibus
1196 1398 1364 1471 prouinciae

49 1507 125 1555 rector
143 1501 323 1559 mandauerit
344 1501 382 1558 ad
404 1518 507 1559 omnes
530 1501 585 1559 hos
612 1501 761 1576 pertinere
783 1499 920 1576 apparet)
944 1506 976 1557 ut
997 1519 1059 1558 rem
1082 1497 1237 1576 iniungant
1259 1516 1362 1556 eorum

49 1600 83 1656 cui
103 1602 206 1676 quibus
230 1603 377 1678 imperare
398 1613 527 1680 possunt
538 1602 577 1678 ¹),
601 1603 716 1662 scilicet
737 1603 783 1660 his

127 1706 158 1778 u)
182 1706 295 1780 lupatis,
317 1705 456 1764 nimirum
478 1725 533 1784 pro
556 1715 694 1782 praetore
715 1703 943 1781 proconsulum

128 1807 157 1882 d)
179 1807 378 1882 praestaretur
404 1827 460 1884 pro
488 1818 625 1885 praetore
652 1806 873 1884 proconsulum.
919 1805 1116 1881 Quaestorem
1146 1815 1362 1883 propraetore

180 1910 238 1968 hac
265 1919 361 1970 aetate
388 1911 489 1990 legato
514 1911 704 1988 proconsulis
730 1911 800 1970 item
826 1917 1046 1986 propraetore
1067 1909 1167 1968 locum
1190 1909 1294 1969 cedere
1317 1918 1361 1968 ut·

180 2022 251 2088 pote
273 2015 446 2089 quaestorio
467 2015 526 2072 ianr
548 2013 668 2072 aliunde
690 2030 924 2090 cognoveramus
934 2010 979 2089 ²);

129 2114 157 2190 c)
181 2115 284 2191 leqatis
311 2116 463 2192 lepionum,
490 2117 539 2193 qui
566 2117 598 2175 in
624 2115 786 2192 provinciis
813 2115 1014 2192 imperatoriis
1041 2116 1207 2194 legatorum
1231 2114 1362 2192 Augusti

179 2227 333 2295 tamquam
363 2219 515 2278 adiutores
543 2219 662 2278 fucrant
689 2221 778 2277 etiam
809 2219 839 2276 in
865 2218 953 2276 rebus
984 2217 1123 2277 civilibus
1154 2217 1361 2278 administran-

179 2320 285 2396 dis³);

125 2422 157 2498 d)
179 2427 218 2482 iis
240 2428 291 2500 qai
311 2427 356 2483 iae
372 2427 470 2483 dicunt
484 2423 653 2484 olorinimr's
670 2427 753 2495 uiris,
775 2424 890 2483 seilicet
908 2423 1042 2484 iuridicis
1063 2423 1285 2500 provinciarum
1307 2423 1359 2480 im·

178 2527 413 2604 peratoriurum,
442 2537 522 2586 certe
547 2527 714 2604 Hispaniae
740 2527 887 2586 citerioris
914 2536 944 2584 et
965 2525 1187 2600 Britanniae4).
1230 2525 1361 2602 Legato-

177 2650 244 2688 rum
268 2631 385 2688 nomine
408 2648 588 2708 quamquam
611 2649 671 2688 non
693 2632 815 2689 omnino
838 2630 1001 2702 abstinent,
1030 2639 1060 2688 et
1087 2629 1116 2685 in
1143 2629 1201 2686 hoc
1224 2637 1360 2687 senatus·

178 2733 318 2792 consulto
339 2743 369 2791 et
391 2733 463 2790 alibi
486 2733 661 2810 plerumque
682 2734 747 2791 solo
770 2732 885 2792 iuridici
904 2732 1049 2791 vocabulo
1065 2731 1264 2808 appellantur,
1287 2738 1359 2808 puto

177 2836 260 2912 quod
283 2835 373 2912 legati
396 2835 561 2912 appellatio
583 2837 704 2894 militari
727 2836 826 2895 officio
850 2837 944 2911 magis
966 2845 1037 2912 apta
1060 2843 1153 2906 esset3

129 2937 154 3014 e)
172 2938 414 3016 procuratoribus
437 2938 640 3014 depasturum.

112 3039 136 3098 2.
179 3042 215 3100 In
238 3041 398 3118 provinciis
427 3042 641 3117 procuratoriis
664 3041 768 3099 eudem
791 3061 864 3100 cura
889 3040 1075 3118 procuratori
1103 3039 1234 3114 praesidi
1262 3039 1357 3098 iniun-

45 3141 107 3214 gitur
119 3143 158 3218 (ι.
176 3143 243 3220 42).
280 3143 316 3201 Id
339 3144 376 3201 ad
392 3145 563 3222 Aegyptam
579 3161 697 3220 quoquc
719 3145 867 3221 pertinere
884 3144 1069 3216 crediderim,
1093 3143 1149 3200 etsi
1171 3143 1292 3220 proprie
1308 3161 1358 3200 ne-

45 3260 88 3316 que
107 3247 260 3322 provincia
281 3265 318 3305 ea
338 3246 394 3304 fuit
415 3255 445 3304 et
465 3246 523 3304 fuit
544 3247 599 3305 sub
621 3247 782 3323 praelecto.

112 3349 136 3406 3.
183 3349 280 3406 Trana
303 3347 416 3406 Padum
443 3349 525 3424 regio
552 3367 619 3406 cum
642 3349 769 3408 omnibus
792 3350 900 3406 Italiae
925 3349 968 3406 ita
989 3349 1206 3425 aequiparetur,
1234 3356 1265 3406 ut
1286 3347 1357 3404 item
1389 3364 1416 3414 in
1437 3364 1513 3414 stan„

46 3461 203 3524 opponatur,
226 3450 341 3526 aliquid
362 3451 439 3508 inter
454 3450 535 3508 illam
558 3458 588 3508 et
609 3451 664 3510 has
686 3451 855 3510 interfuisse
878 3451 1033 3528 probabile
1056 3461 1110 3510 est.
1144 3450 1178 3507 Id
1201 3449 1243 3507 ita
1262 3449 1357 3507 luisse

44 3561 66 3606 et
86 3552 207 3612 fortasse
235 3553 365 3612 medium
392 3553 490 3611 locum
517 3554 594 3610 inter
620 3553 737 3612 ltaliam
768 3555 919 3630 propriam
950 3564 979 3612 et
1009 3553 1180 3630 provincias
1202 3551 1357 3629 Transpa-

44 3651 131 3713 danum
157 3665 220 3714 tum
249 3656 415 3714 obtinuisse
443 3656 635 3714 confirmatur
660 3655 728 3714 aliis
759 3655 877 3714 indiciis
898 3651 974 3714 'licet
1002 3657 1142 3714 tenuibus
1176 3675 1231 3714 nec
1258 3655 1355 3713 certis.

43 3754 73 3811 ll.
92 3758 255 3834 Appuleius
284 3755 354 3818 Sex.
377 3759 397 3815 f.
423 3778 447 3816 a.
473 3757 527 3816 731
554 3757 691 3816 Tridenti
718 3776 794 3834 opus
823 3757 991 3816 laciendum
1019 3759 1133 3816 curavit
1161 3760 1270 3832 deputas
1292 3756 1356 3814 Au-

41 3861 149 3936 puatii).
198 3859 236 3918 L.
260 3860 333 3920 Piso
362 3861 388 3918 is
419 3861 539 3919 omnino
572 3860 621 3936 qui
650 3861 758 3918 consul
789 3859 846 3918 fuit
872 3880 899 3918 a.
923 3861 981 3918 739
1008 3880 1064 3937 pro
1093 3861 1215 3920 consule
1242 3860 1356 3918 Medio-

42 3957 87 4016 lani
112 3963 146 4020 de
171 3963 263 4022 caede
287 3961 476 4038 iudicaviti).
522 3961 556 4020 C.
577 3962 672 4021 lulius
695 3962 843 4020 Proculus
866 3965 976 4038 leuatus
998 3962 1122 4040 Augusti
1144 3983 1200 4039 pro
1222 3973 1356 4038 praetore

42 4067 146 4135 repturio
165 4065 392 4140 stampadanaa
413 4065 469 4124 suit
489 4067 652 4140 imperante
671 4064 855 4139 Traian07).
891 4065 1037 4125 Fortasse
1055 4065 1275 4141 Transpadana
1298 4085 1357 4123 una

41 4181 93 4222 enm
113 4165 228 4226 Histria
255 4175 284 4226 et
304 4167 451 4227 Liburnia
471 4167 528 4226 etsi
550 4168 725 4244 plerumque
748 4167 853 4224 ltaliae
875 4167 1108 4244 adcenseturss),
1135 4168 1264 4226 secundo
1292 4186 1355 4225 sae·

42 4302 227 4316 ·““·---

105 4387 125 4450 ¹)
153 4387 311 4440 Staatsreelat
330 4387 373 4452 2³,
394 4389 455 4440 246.
471 4389 533 4439 852.

102 4477 124 4542 ²)
151 4483 180 4534 C.
195 4484 230 4545 X,
248 4484 328 4533 7852.
357 4479 515 4532 Stactareclrt
534 4485 559 4545 2,
574 4483 634 4532 248.
651 4481 712 4532 686.

103 4571 124 4634 ²)
153 4573 310 4625 Stuatsreelt
329 4578 354 4638 2,
370 4579 431 4626 700.

101 4663 123 4726 ⁴)
152 4665 310 4718 Stuatsreedt
330 4666 372 4732 1³,
393 4669 444 4718 231
464 4685 491 4718 n.
506 4669 531 4719 5.
569 4667 753 4732 inscriptiones
772 4667 905 4731 composui
924 4665 990 4731 Eph.
1010 4667 1090 4730 epigr.
1109 4669 1140 4729 4,
1160 4669 1221 4716 224.
1259 4668 1353 4718 Iuridi-

40 4771 85 4805 rum
103 4759 154 4809 rice
172 4760 252 4826 legati
270 4761 419 4826 provinciae
438 4762 586 4826 fungentem
606 4759 685 4810 habes
704 4759 734 4810 Ο.
746 4761 792 4822 VI,
811 4760 880 4810 1336
901 4759 991 4810 aetatis
1012 4758 1167 4810 Seuerianae
1188 4759 1257 4821 (vide
1276 4774 1352 4824 supra

41 4861 59 4908 p.
71 4849 116 4901 355
134 4869 159 4903 n.
175 4853 265 4914 1191).

103 4941 124 5005 ⁵)
155 4945 183 4996 G.
197 4947 218 4996 l.
232 4947 263 4997 L.
276 4947 308 5008 V,
330 4947 415 5008 5027,
435 4943 640 4996 castanneola
661 4947 685 5006 2,
702 4947 772 4996 1075
792 4962 818 4996 n.
834 4946 858 4997 3.

102 5034 124 5097 ⁶)
152 5039 291 5092 Suetonius
309 5039 341 5089 de
360 5053 468 5104 gramm.
484 5041 531 5102 303
552 5039 585 5088 cf.
600 5037 759 5089 Stuatrreeltt
779 5041 803 5100 2,
819 5038 880 5088 239.

101 5124 124 5190 τ)
152 5129 181 5180 O.
196 5133 259 5182 1.1..
274 5132 314 5195 X,
329 5132 414 5195 66583
439 5131 473 5183 cl.
494 5129 652 5182 Stcutsreodt
672 5133 702 5192 2,
718 5133 770 5182 850
789 5147 814 5181 n.
831 5132 860 5194 3,
885 5131 929 5180 ubi
953 5144 1011 5180 eum
1034 5131 1101 5180 inter
1123 5129 1221 5194 legatos
1247 5129 1352 5180 dilecta·

43 5223 96 5268 tores
113 5223 205 5286 rettuli,
224 5225 266 5274 rix
287 5231 362 5274 recte.

102 5311 123 5375 8)
150 5317 191 5364 Ex
215 5317 381 5379 testimoniis,
405 5333 471 5384 quse
495 5317 639 5376 abundant,
664 5332 716 5366 non
740 5317 820 5366 affero
844 5319 894 5366 nisi
919 5317 1019 5366 titulum
1043 5318 1188 5367 dedicatum
1208 5317 1351 5381 imperante

42 5399 113 5454 llarcu
132 5407 294 5470 c.v,1874
312 5411 384 5460 Arrii
406 5409 532 5460 Antonini
551 5407 658 5459 iuridici
672 5425 721 5476 per
740 5407 844 5460 Italiam
863 5411 975 5478 reyiuru's
995 5407 1197 5476 Transpadanus
1212 5408 1301 5475 primi.
