3374 5930
335 677 407 750 398
907 693 1090 748 uolmsun

334 871 403 928 culo
424 871 488 928 iure
510 871 606 946 magis
633 871 803 946 provinciae
828 869 987 940 lasciuit,
1016 888 1092 946 quae
1120 870 1297 945 plerumque
1323 866 1493 946 praesidem
1514 884 1571 924 nou
1591 865 1650 924 acci-

334 983 426 1051 peret,
454 991 544 1049 quam
566 973 696 1050 regionis
719 973 835 1045 Italiae,
864 992 925 1049 quo
947 973 1081 1049 legitime
1102 989 1227 1048 praeses
1249 972 1326 1030 mitti
1349 989 1412 1030 nou
1432 979 1543 1046 posset.
1579 965 1651 1025 Certe

335 1096 373 1134 ex
397 1077 455 1133 hoc
481 1075 547 1152 ipso
576 1077 836 1135 senatusconsulto
866 1075 1049 1152 intellegitur
1071 1095 1107 1133 eo
1135 1085 1268 1149 tempore
1290 1072 1530 1148 Transpadanus
1556 1070 1651 1148 praesi-

335 1178 401 1236 dem
424 1177 538 1236 nullum
564 1179 741 1254 praefuisse.
766 1212 804 1221 —
827 1179 1024 1254 Magistratus
1046 1179 1155 1253 quibus
1184 1177 1216 1234 in
1243 1177 1290 1235 his
1318 1176 1459 1252 partibus
1480 1192 1551 1234 cura
1570 1191 1651 1230 mune

335 1299 399 1339 rum
422 1281 668 1358 gladiatoriorum
690 1281 861 1359 iniungitur,
885 1289 955 1339 sunt
976 1281 1006 1339 hi

419 1383 451 1458 a)
479 1383 621 1460 Praefecti
647 1385 856 1454 alimentorum,
886 1402 962 1458 quae
990 1383 1100 1442 locutio
1128 1379 1323 1458 sollemnis¹)
1355 1383 1406 1440 hic
1432 1380 1502 1456 (43)
1529 1379 1660 1456 reperiturt

337 1487 452 1545 adiecto
475 1486 622 1546 vocabulo
645 1489 749 1546 dandis
772 1487 848 1545 male
872 1487 1053 1562 perturbata.

420 1591 451 1664 b)
481 1588 633 1647 Curatores
655 1587 821 1664 ciarum2).

337 1692 532 1767 Magistratus
573 1691 627 1749 hos
664 1691 798 1762 differre,
842 1691 895 1750 sed
939 1691 1113 1768 plerumque
1150 1693 1217 1750 riae
1253 1711 1353 1750 curam
1398 1699 1431 1750 et
1466 1691 1652 1748 alimentorum

338 1813 391 1869 per
424 1793 586 1870 municipia
618 1793 645 1851 ei
676 1795 744 1852 viae
777 1794 873 1852 vicina
903 1795 997 1852 eidem
1035 1794 1148 1853 homini
1186 1795 1299 1870 iniungi
1332 1794 1419 1870 quod
1451 1793 1525 1852 alibi
1556 1791 1652 1850 demun·

339 1897 487 1971 stravii),
526 1896 585 1954 iarn
620 1905 776 1972 utrumque
812 1895 1019 1968 confirmatur,
1055 1897 1131 1955 illud
1169 1897 1342 1956 testimonio
1379 1897 1513 1968 directo,
1548 1897 1597 1953 lucc
1626 1913 1651 1948 eu

338 1999 417 2074 quod
444 2001 473 2056 in
501 1999 746 2074 recapitulatione
768 2019 795 2058 v.
813 1999 852 2058 50
875 2009 994 2058 curator
1016 1999 1099 2058 solus
1121 1999 1209 2059 adest
1231 2000 1347 2058 omisso
1375 1998 1539 2074 praesecto.
1579 1994 1651 2056 Cura·

339 2101 454 2160 toribus
481 2101 564 2160 hisce
590 2111 622 2160 ut
649 2101 709 2160 alia
734 2119 851 2178 quoque
879 2102 1000 2180 negotia
1025 2101 1258 2178 mandantur⁴)‚
1286 2103 1328 2160 ita
1351 2101 1444 2161 etiam
1471 2103 1528 2160 hoc
1548 2099 1651 2160 offic-inu

340 2213 407 2279 apte
434 2205 581 2263 convenit.
627 2201 685 2263 Sed
712 2222 778 2262 cum
806 2205 832 2261 ei
854 2223 962 2263 vacare
987 2205 1145 2264 iubeantur
1167 2209 1195 2264 ai
1216 2205 1352 2276 ada-unt,
1380 2205 1451 2263 iude
1472 2205 1536 2262 iure
1556 2201 1650 2275 collige·

340 2324 405 2364 mus
433 2327 486 2384 per
507 2316 621 2384 partem
643 2306 760 2364 demum
783 2307 854 2366 anai
880 2325 932 2366 eos
959 2307 1024 2382 lege
1050 2308 1150 2366 iussos
1173 2325 1241 2366 esse
1263 2307 1377 2365 morari
1405 2309 1438 2366 in
1460 2325 1497 2364 ea
1518 2323 1598 2382 quam
1615 2321 1648 2358 eu·

340 2417 407 2466 rant
434 2409 570 2486 regione,
597 2419 627 2466 et
654 2409 814 2486 respondet
839 2410 867 2467 ei
894 2410 1082 2469 coniecturae
1108 2410 1192 2468 locus
1220 2409 1480 2470 senatusconsulti
1505 2407 1570 2466 anni
1592 2427 1614 2464 u
1632 2423 1649 2458 e

342 2511 441 2586 743⁵)
469 2512 538 2570 licet
567 2512 756 2588 perturbatus
784 2513 845 2570 hic:
875 2515 1008 2588 itemque,
1039 2531 1101 2571 cum
1126 2515 1240 2572 uiarum
1266 2523 1470 2589 curatae-mue
1487 2511 1651 2588 storacium

337 2623 422 2690 parte
448 2625 554 2690 quarta
580 2618 651 2672 arai
674 2615 790 2690 publico
812 2615 1010 2691 jungebantur
1031 2619 1200 2686 ministerio,
1231 2625 1263 2674 ut
1289 2625 1440 2675 carratas-cs
1468 2631 1596 2692 uquarum
1619 2613 1649 2664 ir·

342 2719 423 2775 diciis
449 2727 549 2778 taccat
574 2721 698 2794 priuatis
724 2717 910 2793 publicisque.
954 2716 1067 2794 Legem
1092 2719 1184 2795 igitur
1205 2718 1322 2778 videtur
1350 2719 1433 2777 hanc
1456 2726 1569 2777 curator
1587 2729 1649 2771 acvce

341 2824 433 2896 pisse,
456 2829 489 2878 ut
509 2841 562 2898 per
577 2829 637 2878 tres
653 2838 772 2880 menses
795 2822 857 2879 sire
879 2821 945 2896 lege
960 2821 1098 2879 delinitos
1120 2821 1183 2880 sive
1206 2821 1243 2878 ab
1258 2821 1327 2897 ipso
1342 2821 1555 2882 determinatos
1575 2817 1600 2874 iu
1617 2834 1647 2871 rr

341 2924 430 2998 gione
452 2941 506 2981 sua
529 2933 709 2996 versaretur,
731 2924 847 2999 reliqua
869 2935 953 2999 parte
976 2924 1046 2982 anui
1064 2923 1180 2982 Romae
1202 2924 1313 3002 degens
1336 2925 1441 2984 solitis
1463 2922 1567 2983 officiis
1585 2935 1646 2978 seni·

342 3027 426 3084 toriis
450 3035 576 3085 vacaret.

427 3129 455 3204 c)
482 3131 619 3199 iuridici,
646 3147 722 3205 quos
750 3137 820 3206 post
840 3129 1029 3188 Hadrianum
1055 3149 1109 3206 per
1130 3129 1250 3188 Italiam
1272 3129 1394 3190 Marcus
1425 3141 1455 3190 et
1470 3129 1563 3190 Verus
1586 3121 1645 3183 insti·

342 3241 474 3306 tueruut,
502 3243 535 3291 ut
556 3251 656 3291 curam
679 3241 800 3308 agerent
821 3231 1008 3308 potissimum
1030 3233 1193 3292 tutelarum
1215 3241 1245 3291 et
1266 3227 1607 3304 fideicommissorum⁶)‚
1625 3224 1645 3280 iss

320 3335 514 3396 'muneribus
536 3335 675 3414 regendis
698 3335 728 3394 iu
750 3334 849 3394 locum
870 3333 1087 3412 praefectorum
1109 3343 1338 3414 curatorumque
1361 3337 1467 3396 subire
1485 3333 1613 3398 iubentur,
1628 3324 1645 3381 ti

342 3439 373 3496 hi
397 3457 454 3496 non
478 3439 611 3496 aderunt.

427 3542 458 3614 d)
487 3542 628 3614 Praefecti
650 3543 784 3598 classium
806 3545 1020 3616 praetoriarum
1040 3539 1198 3601 Misenatis
1222 3550 1252 3601 et
1273 3541 1466 3600 &vennatis
1491 3558 1541 3598 cur
1559 3547 1584 3593 et
1605 3527 1644 3607 ipsi

343 3653 495 3715 vocentur,
521 3641 590 3699 inde
613 3642 728 3702 videtur
749 3642 959 3718 explicandum
982 3661 1058 3717 esse,
1080 3644 1160 3720 quod
1183 3663 1250 3704 cum
1272 3645 1349 3703 inter
1370 3645 1512 3723 regiones
1532 3659 1549 3697 a
1568 3633 1645 3694 iuridi-

342 3745 385 3803 cis
423 3744 645 3802 administratas
680 3743 846 3822 Campania
882 3745 978 3804 adhuc
1011 3763 1071 3806 uon
1105 3745 1346 3824 comparuerat)
1380 3755 1412 3806 et
1444 3741 1644 3805 iurisdictionem

344 3847 381 3903 de
415 3847 514 3905 tutelis
547 3855 576 3905 et
607 3847 849 3908 fideicommissis
882 3867 935 3925 per
965 3867 1030 3908 eam
1063 3851 1214 3925 regionem
1248 3850 1443 3926 magistratus
1475 3845 1571 3907 urbani
1596 3837 1646 3896 ren'·

344 3950 445 4008 nuisse
471 3948 639 4024 videantur,
672 3952 754 4010 iusta
778 3969 869 4010 causa
898 3960 963 4010 erat
990 3952 1134 4028 praefecti
1160 3951 1318 4011 Misenatis
1347 3949 1531 4012 adsumendi.
1570 3939 1644 4002 Aeaci·

344 4051 402 4110 liae
425 4069 496 4112 sane
518 4073 554 4113 ea
575 4055 650 4112 ratio
673 4054 819 4130 applicari
843 4073 903 4112 uon
925 4061 1035 4129 potest.
1069 4053 1208 4114 Ceterum
1227 4055 1407 4114 militaribus
1424 4055 1496 4114 viris
1517 4050 1582 4108 talia
1593 4059 1645 4120 qut·

345 4175 402 4232 que
424 4158 545 4233 negotia
565 4157 679 4232 iniungi
694 4177 732 4214 ne
747 4158 814 4233 quis
830 4157 961 4228 miretur,
983 4157 1075 4234 legati
1091 4176 1209 4236 quoque
1225 4159 1432 4235 Augustorum
1453 4153 1644 4233 praefectusque

345 4260 477 4336 Aegypti
499 4267 529 4318 et
551 4260 731 4318 exercitibus
754 4267 899 4338 praesunt
921 4267 951 4318 et
972 4261 1089 4320 civilem
1113 4259 1403 4320 administrationem
1426 4259 1608 4320 moderantur.

345 4433 548 4442 ——----

424 4562 448 4630 ¹)
478 4565 519 4617 ct.
540 4563 697 4616 Staatereclct
717 4567 843 4628 2,1080.
882 4563 1031 4632 Praefectus
1052 4565 1177 4618 alimentis
1195 4565 1290 4618 dardis
1306 4580 1433 4632 nusquam
1452 4563 1518 4630 quod
1535 4559 1602 4612 scium
1615 4565 1640 4602 11·

346 4659 451 4722 peritur.

424 4749 448 4813 ²)
477 4753 521 4806 Sic
540 4759 609 4802 recte
627 4769 651 4802 v.
665 4754 715 4816 43;
738 4753 806 4804 male
825 4759 928 4804 curator
944 4752 1093 4820 prouinciae
1113 4759 1152 4805 est
1170 4769 1194 4804 τ.
1209 4755 1254 4805 80.

422 4841 447 4908 ³)
477 4841 636 4895 Staatcrccit
655 4846 769 4908 2,1080
788 4861 815 4896 n.
831 4848 855 4896 1.

423 4935 448 5000 ⁴)
476 4939 540 4990 Vita
556 4939 640 4989 Marci
659 4940 705 5000 11,
725 4940 754 4990 9:
779 4936 849 4988 dedit
866 4937 1025 4990 curatoribus
1043 4941 1171 5006 reqionum
1190 4954 1222 4990 uc
1241 4937 1339 4989 uiarum
1354 4941 1503 5004 potcstatis,
1521 4925 1641 4990 01τείρέ-

347 5029 429 5080 circat
446 5029 488 5081 vei
505 5029 540 5080 ad
555 5030 708 5098 praesectum
726 5029 785 5082 urbi
797 5031 941 5099 puniendos
958 5033 1116 5095 remitterent,
1138 5033 1182 5100 qui
1199 5031 1269 5083 ultra
1283 5029 1420 5098 scrupulis
1438 5029 1558 5098 quicqum
1570 5031 1639 5085 (1120·

348 5139 421 5188 quam
439 5125 586 5190 exegissent.

424 5215 448 5279 ⁵)
476 5217 617 5267 Frontinus
636 5219 668 5268 de
688 5233 729 5282 aq.
745 5219 806 5268 101.

424 5305 448 5371 ⁶)
479 5305 637 5361 Stuutsrccltt
656 5312 680 5374 2,
696 5312 776 5362 1084.

425 5397 450 5464 ²)
480 5399 639 5454 Staatsrccdt
658 5404 769 5466 21085
790 5419 816 5454 n.
831 5404 856 5453 9.
