3374 5930
172 2257 288 2322 Vectigal

164 2351 295 2416 gladiato·

195 2445 262 2493 rium

164 2535 292 2588 sublatum

331 615 405 690 412
906 635 1090 693 uounsnu

330 814 398 892 quis
420 831 497 890 quaa
520 815 558 874 ad
580 833 642 874 rem
661 813 841 890 iacerent1),
864 815 961 874 editor
982 815 1166 892 gladiatores
1188 833 1292 876 omnes
1315 832 1386 876 auos
1408 814 1522 876 laceret
1543 833 1652 875 necesse

329 912 463 994 easetl),
489 919 647 978 constabat
667 919 695 976 ei
717 918 754 975 de
775 918 893 994 pretiis,
921 919 986 978 sive
1007 917 1088 978 nullo
1111 937 1179 978 cnm
1200 919 1319 978 lanistis
1342 919 1467 996 negotio
1489 919 1589 979 habito
1609 920 1652 978 ho·

329 1021 424 1082 mines
449 1022 487 1081 ab
514 1021 628 1080 editore
654 1022 793 1096 proximo
815 1027 897 1080 certo
919 1021 1015 1097 pretio
1036 1022 1184 1099 reciperet
1203 1023 1252 1081 vel
1273 1031 1502 1082 auctoramento
1523 1022 1589 1080 dato
1608 1041 1650 1080 eos

328 1133 517 1201 compararet
537 1122 606 1201 (59)
628 1124 692 1183 sive
715 1144 735 1182 a
755 1123 865 1182 lanista
886 1142 938 1182 eos
961 1135 1091 1184 sumeret
1113 1124 1285 1202 singulatim
1307 1124 1411 1202 pretiis
1433 1124 1609 1202 delinifici),
1628 1127 1650 1184 id

328 1229 410 1306 quod
437 1227 503 1287 sine
523 1226 614 1286 dubio
640 1227 815 1304 plerumque
841 1227 950 1286 lactum
978 1237 1038 1299 est,
1065 1245 1132 1286 cum
1155 1228 1303 1287 sententia
1325 1227 1362 1286 de
1383 1227 1505 1287 lanistis
1526 1239 1650 1305 queratur

329 1339 433 1410 utpote
447 1331 541 1400 malis,
564 1333 615 1408 qui
636 1349 666 1390 aa
680 1334 764 1390 auam
777 1333 954 1390 monetarios
969 1333 1092 1408 fecerint
1113 1337 1143 1390 et
1164 1331 1280 1408 passim
1302 1331 1425 1391 remita
1438 1341 1556 1404 tractet,
1576 1333 1649 1408 quasi

327 1453 434 1494 munus
456 1435 521 1492 sine
543 1433 655 1492 lanista
680 1451 786 1508 parum
808 1433 956 1511 procedat.
1002 1431 1116 1494 Studiis
1139 1441 1238 1492 autem
1260 1453 1363 1492 eornm
1387 1443 1555 1512 temporum
1576 1435 1651 1510 plane

328 1537 468 1596 convenit
489 1555 612 1596 munera
634 1555 693 1596 non
716 1537 802 1595 aliter
824 1535 905 1595 edita
926 1553 993 1596 csse
1014 1536 1073 1595 nisi
1092 1537 1283 1615 promulgata
1297 1555 1414 1597 summa
1428 1538 1467 1598 ab
1484 1538 1593 1598 editore
1606 1539 1650 1596 im·

329 1658 434 1718 pensa.

412 1743 461 1801 Ad
489 1744 563 1802 haec
584 1743 704 1802 Marcus
731 1759 810 1801 nova
834 1761 911 1818 quae
939 1741 1055 1800 addidit
1079 1741 1139 1801 duo
1165 1751 1250 1815 sunt,
1278 1749 1438 1820 utrumque
1462 1743 1560 1803 adhuc
1580 1745 1650 1820 iguo

327 1855 403 1906 tum:
427 1845 542 1906 scilicet
558 1846 684 1925 vectigal
704 1844 911 1923 gladiatoriam
928 1844 1050 1904 sustulit
1063 1853 1103 1915 et,
1126 1845 1278 1905 annalium
1293 1846 1393 1905 verbis
1408 1855 1440 1904 nt
1455 1857 1525 1906 utar
1539 1847 1574 1906 de
1587 1848 1648 1916 Dio

324 1949 444 2008 cletiani
465 1948 562 2008 edicto
585 1969 617 2008 re
639 1967 698 2007 non
720 1947 860 2020 absimili,
883 1947 1083 2026 gladiatorum
1103 1948 1249 2007 vilitatem
1271 1965 1338 2008 esse
1359 1949 1457 2008 iussit.
1496 1950 1648 2024 Utrumque

324 2053 515 2112 moderamen
537 2053 648 2129 pariter
669 2053 806 2129 peruenit
827 2060 888 2109 tam
908 2051 947 2108 sd
963 2069 1086 2109 munera
1100 2069 1140 2109 ex
1155 2050 1232 2128 legis
1247 2051 1427 2111 necessitate
1441 2053 1559 2112 edenda
1571 2071 1646 2130 quan

329 2157 367 2214 ad
389 2173 522 2232 eaquae
544 2154 672 2214 eduntur
692 2174 731 2213 ex
754 2154 969 2213 consuetudine
991 2153 1039 2212 vel
1061 2173 1100 2212 ex
1122 2161 1291 2230 spontanea
1311 2153 1506 2214 liberalitate„

410 2259 458 2318 De
481 2257 621 2334 vectigali
648 2255 704 2333 (ita
730 2256 900 2333 appellatur
922 2276 950 2315 v.
969 2257 1002 2333 3)
1027 2275 1076 2315 res
1098 2257 1256 2334 perspicua
1278 2265 1338 2328 est,
1365 2257 1454 2317 modo
1478 2267 1578 2318 teneas
1597 2276 1645 2316 non

327 2361 433 2420 editori
459 2360 490 2420 id
515 2361 689 2437 impositum
717 2377 798 2434 esse,
825 2361 879 2420 sed
904 2359 1031 2418 lanistae
1057 2361 1161 2436 itaqua
1188 2379 1247 2418 non
1274 2361 1449 2437 peruenisse
1476 2363 1515 2420 ad
1539 2379 1646 2420 munera

326 2465 408 2523 edita
429 2464 513 2523 nullo
536 2481 601 2522 oum
623 2462 744 2522 lanistis
766 2463 867 2522 habito
890 2463 1020 2539 negotio.
1057 2461 1122 2520 Iam
1144 2467 1219 2522 cauit
1234 2463 1324 2539 fiacus
1347 2481 1410 2522 cum
1432 2463 1541 2524 daaeaa
1560 2463 1596 2535 (v.
1608 2461 1643 2537 6),

324 2567 355 2627 id
377 2575 423 2626 est
444 2567 563 2645 publice
585 2565 735 2626 admissus
758 2573 804 2624 est
825 2565 936 2624 lanista
957 2566 995 2623 ad
1017 2573 1172 2641 quaestum
1194 2567 1404 2639 exercendum,
1428 2567 1520 2625 modo
1541 2567 1642 2624 illarum

325 2689 505 2732 summarum
535 2677 650 2744 partem
681 2668 799 2726 tertiam
827 2675 1001 2744 quartanive
1030 2667 1073 2742 (v.
1094 2667 1128 2743 5)
1157 2667 1230 2726 fisco
1257 2668 1377 2727 inferat.
1428 2669 1463 2727 Id
1495 2679 1587 2728 utrum
1611 2665 1640 2726 ad

324 2774 446 2834 verbum
468 2771 674 2848 accipiendum
697 2772 744 2843 sit,
768 2770 882 2829 scilicet
904 2779 937 2829 ut
958 2789 1024 2829 cum
1047 2770 1175 2849 singulis
1197 2771 1317 2830 lanistis
1336 2773 1429 2832 fiscus
1448 2772 1491 2831 ita
1510 2781 1640 2846 transege·
1668 2825 1669 2828 ,

324 2879 372 2950 rit,
396 2895 433 2934 an
456 2877 546 2934 fiscus
569 2883 684 2950 partem
708 2873 785 2932 hanc
806 2873 922 2932 tertiam
943 2879 1118 2950 quartamve
1141 2872 1280 2932 similiter
1294 2877 1431 2953 exegerit
1452 2884 1540 2952 atque
1561 2885 1638 2932 cente

325 2981 432 3040 simam
454 2977 594 3055 exigebat
616 2977 646 3035 in
668 2976 757 3035 rebus
778 2976 898 3054 publica
912 2977 1048 3035 auctione
1063 2975 1234 3049 divenditis,
1257 2993 1317 3036 non
1331 2977 1452 3038 definio.
1488 2977 1552 3037 Hoc
1566 2975 1637 3034 recti-

322 3083 373 3162 gal
395 3081 516 3140 Meroua
539 3079 669 3139 abolevit
694 3087 792 3138 motus
815 3077 997 3157 turpitudine
1020 3080 1174 3138 societatis
1201 3081 1244 3138 ita
1269 3079 1367 3139 sactae
1393 3083 1473 3140 inter
1494 3081 1635 3160 principem

323 3195 353 3245 et
380 3185 521 3244 lanistam
547 3191 578 3242 ct
604 3201 676 3242 sane
702 3181 849 3241 editorum
877 3199 994 3260 quoque
1020 3181 1173 3258 impensas
1200 3183 1289 3241 simul
1316 3183 1360 3243 sic
1382 3185 1502 3258 minnit3
1529 3179 1635 3242 named

322 3307 375 3350 eos
398 3287 573 3368 spectabant
594 3285 725 3360 omnino,
747 3285 818 3345 licet
839 3285 930 3345 fiscus
952 3301 1004 3344 eas
1026 3305 1045 3344 a
1066 3284 1183 3344 lanistis
1207 3285 1348 3362 exigeret.
1386 3287 1438 3346 Ex
1461 3305 1496 3346 eo
1517 3283 1635 3362 uectigali

399 3583 422 3646 ¹)
451 3585 612 3650 Quamquam
637 3589 827 3650 programmata
851 3597 985 3634 muncrum
1004 3597 1065 3633 unm
1084 3582 1186 3647 publica
1206 3583 1274 3634 edita
1292 3583 1345 3634 sint
1363 3583 1484 3650 pleniora
1502 3598 1570 3650 quam
1587 3587 1635 3630 sunt
1666 3619 1667 3622 ,

321 3677 456 3727 notissima
474 3676 648 3742 Pompeiana,
675 3677 780 3728 dubium
800 3683 844 3726 est.
883 3675 975 3726 Obstat
998 3676 1070 3726 locus
1089 3675 1204 3729 Senecae
1227 3677 1307 3742 patris
1330 3691 1387 3728 exc.
1408 3679 1549 3728 controul
1566 3673 1634 3740 praet

321 3771 371 3819 in:
391 3769 530 3819 munerarii
548 3805 592 3820 ...
613 3769 649 3820 acl
667 3769 861 3838 expectationem
874 3769 968 3836 populi
980 3765 1136 3819 aeneadum
1149 3783 1216 3820 noua
1231 3769 1313 3837 paria
1326 3785 1378 3837 per
1390 3785 1473 3820 omues
1489 3769 1538 3820 dies
1549 3766 1634 3833 diapas-

320 3867 385 3922 aaat,
407 3867 432 3910 st
450 3869 503 3912 tam
521 3861 692 3928 gladiatorum
706 3863 894 3931 compositiones
912 3860 1008 3912 relatae
1020 3862 1047 3910 iu
1062 3867 1120 3911 acta
1131 3861 1230 3912 urbana
1249 3861 1351 3924 (Cicero
1371 3861 1435 3913 lam.
1450 3865 1474 3926 ¹3,
1490 3865 1515 3924 8,
1530 3861 1552 3922 l)
1569 3871 1633 3926 qm

320 3955 453 4019 inscriptio
474 3956 614 4020 parietaria
632 3955 765 4022 Pompeiis
785 3961 886 4020 reperta
905 3951 1079 4015 (c.1.L.1v
1097 3969 1124 4004 n.
1139 3954 1220 4017 2508,
1240 3955 1285 4005 ubi
1301 3957 1496 4021 Zangemeister
1513 3969 1560 4005 non
1577 3959 1633 4002 recte
1665 4001 1666 4042 p

320 4047 413 4112 opinor
432 4062 489 4097 eam
509 4064 556 4113 pro
576 4055 765 4114 programmata
784 4045 872 4109 babet)
892 4053 951 4112 poet
969 4061 1068 4111 pugnas
1087 4045 1170 4097 editas
1188 4047 1309 4098 videntur
1327 4051 1487 4115 perscriptae
1506 4061 1562 4098 essa
1665 4043 1666 4080 l

395 4137 420 4202 ²)
450 4139 613 4191 Gladiatores
638 4141 689 4190 ami
708 4141 740 4190 ab
760 4122 858 4190 editore
876 4145 902 4188 et
920 4139 974 4189 eins
992 4139 1048 4188 lieri
1067 4145 1119 4188 tam
1139 4153 1227 4190 servos
1246 4155 1323 4205 qnam
1342 4147 1490 4192 auctoratos
1508 4147 1576 4190 etex
1593 4135 1631 4185 hae

319 4233 446 4283 sententia
465 4232 498 4294 (v.
514 4233 559 4296 59)
583 4233 740 4300 intellegitur
764 4241 788 4282 et
813 4248 845 4282 ex
870 4231 950 4281 titulis
970 4229 1155 4282 Asiarcharnm
1174 4227 1212 4296 (p.
1227 4233 1281 4283 403
1301 4239 1355 4283 not.
1370 4233 1398 4294 9)
1423 4233 1536 4299 alliaque.
1567 4227 1630 4292 Quod

318 4325 355 4374 ait
374 4324 455 4376 Gaius
475 4326 500 4387 3,
517 4327 567 4377 146
588 4326 773 4392 gladiatoribus
793 4341 824 4376 ea
842 4327 900 4390 lage
920 4323 1033 4387 traditis,
1057 4329 1085 4373 ut
1106 4323 1134 4372 ia
1158 4323 1274 4391 stapulas
1297 4325 1342 4392 pati
1358 4325 1455 4393 integri
1475 4325 1574 4376 enicem
1591 4337 1630 4388 pra

318 4415 408 4466 sudore
432 4417 534 4468 denarii
555 4419 650 4484 viginti
672 4417 801 4480 darentur,
827 4419 855 4468 ia
879 4431 921 4467 coc
944 4431 1011 4478 vero,
1037 4416 1082 4482 qui
1105 4416 1184 4466 acciti
1207 4424 1252 4467 aut
1269 4415 1399 4468 debilitati
1414 4417 1525 4484 fierint,
1549 4413 1632 4466 deami

317 4508 393 4570 mille,
414 4525 511 4572 eorum,
527 4512 570 4576 qui
587 4511 680 4576 integri
694 4511 813 4572 exierint,
833 4511 914 4575 magis
933 4509 1089 4559 locationem
1100 4507 1195 4559 iactam
1209 4511 1299 4572 videri,
1319 4510 1419 4562 scilicet
1431 4511 1477 4561 aab
1490 4509 1628 4562 condolens,
1664 4539 1665 4578 ,

318 4616 394 4667 quam
409 4605 575 4668 emptionem,
595 4605 657 4654 iuris
675 4604 770 4654 rationi
789 4609 858 4652 recte
877 4602 1024 4668 respondet,
1044 4601 1091 4652 aad
1103 4601 1167 4651 haec
1180 4601 1350 4653 contrahendi
1368 4603 1455 4654 torma
1472 4603 1628 4654 receditaeu·
1664 4585 1665 4663 l

316 4695 376 4758 lita;
397 4711 456 4746 nam
472 4695 629 4761 gladiatores
642 4697 742 4746 muneri
756 4695 904 4760 superstites
917 4709 969 4745 non
984 4693 1092 4744 lanistas
1105 4693 1194 4756 inisse,
1215 4695 1261 4746 sed
1274 4695 1381 4746 editoris
1394 4697 1506 4747 ostendit
1517 4703 1541 4745 et
1552 4687 1626 4744 Galeri
1663 4731 1664 4770 ,

316 4788 388 4838 locus
407 4805 432 4852 p.
446 4789 500 4839 403
520 4789 604 4839 uot.9
629 4795 654 4838 et
679 4801 745 4854 quaa
768 4789 795 4838 in
821 4788 870 4837 hac
889 4788 1018 4838 sententia
1035 4787 1155 4852 leguntur
1173 4802 1197 4836 v.
1213 4787 1329 4838 tua—61
1350 4795 1460 4854 atquae
1480 4785 1626 4838 dannatione

316 4881 482 4946 reliquiarum
503 4881 642 4934 Suetonius
661 4881 720 4932 Gai.
736 4881 768 4930 38
794 4885 820 4930 et
838 4880 891 4930 Dio
912 4880 955 4944 59,
972 4882 1005 4930 14
1029 4881 1096 4930 inter
1115 4879 1165 4932 (iai
1191 4881 1317 4947 principis
1341 4882 1510 4947 turpitudines
1532 4885 1624 4930 nauant-

316 4974 437 5024 Fortasse
456 4975 513 5038 ipss
531 4973 577 5024 illa
596 4974 770 5025 controversia
789 4973 850 5022 inde
869 4979 930 5023 nata
949 4979 995 5036 sat,
1016 4973 1085 5038 quod
1104 4973 1149 5024 alii
1169 4973 1233 5023 luris
1251 4979 1367 5025 auctores
1387 4973 1511 5024 eiusmodi
1529 4977 1623 5022 nonum·

317 5071 370 5116 tum
390 5067 471 5131 magis
492 5067 528 5115 its
546 5067 788 5134 interpretabantur,
808 5073 836 5115 ut
856 5071 940 5116 essent
959 5067 1103 5131 emptiones
1122 5066 1196 5126 duae,
1216 5067 1299 5117 altera
1317 5067 1423 5118 editoris
1436 5081 1452 5118 a
1464 5067 1552 5116 lanista
1568 5057 1623 5112 nulla
1662 5103 1663 5126 ÷

316 5159 468 5208 condicione
487 5173 618 5222 suspensa,
638 5159 721 5209 altera
738 5159 846 5208 lanistae
866 5159 899 5208 ab
918 5159 1017 5209 editore
1037 5159 1083 5209 snb
1102 5159 1257 5210 condicione
1274 5159 1352 5210 iacta.

392 5247 417 5310 ³)
447 5251 478 5299 Id
503 5251 597 5302 lectum
622 5267 677 5304 esse
701 5253 830 5318 colligitur
853 5265 886 5301 ex
906 5267 929 5302 v.
945 5251 993 5302 60:
1017 5266 1047 5302 nc
1068 5287 1093 5302 ..
1112 5249 1206 5302 vendat
1224 5251 1392 5320 pluraquam
1411 5251 1620 5313 emmiseupre·

317 5343 377 5391 tiam
390 5342 553 5410 percolatum.
