3466 5926
695 601 894 654 PRAEFATIO.
1417 609 1466 654 XV

1192 721 1463 731 ——--.---

120 775 271 835 immenso
296 772 367 836 iere
392 792 531 836 numero
546 773 827 852 circumferuntur,
853 772 981 836 falsario
995 770 1151 836 Asculano
1173 771 1283 836 deberi
1308 773 1369 834 iam
1393 792 1469 834 oon-

119 885 177 937 stat
203 874 287 956 (vide
311 897 349 958 p.
368 878 408 937 90
434 876 536 959 sqq.).
584 878 743 938 Praeterea
776 897 817 940 ex
847 878 917 955 illo,
950 895 1046 957 quem
1075 874 1306 954 demonstravi,
1336 875 1468 956 glandes

120 977 290 1040 fabricandi
324 979 591 1061 inscribendique
624 979 715 1042 modo
745 980 823 1042 haec
856 989 1052 1061 sequuntur,
1090 998 1172 1060 quae
1203 989 1235 1042 ct
1265 980 1332 1060 ipsa
1362 979 1466 1060 magni

118 1093 189 1144 sunt
217 1084 375 1145 momenti
406 1082 447 1145 ad
481 1081 609 1146 fraudes
639 1083 779 1145 novicias
812 1081 1108 1164 deprehendendas.
1167 1083 1262 1163 Siqua
1296 1083 1381 1144 enim
1416 1081 1467 1142 in-

118 1185 243 1266 scriptio
274 1187 350 1267 pari
377 1205 511 1267 prorsus
541 1187 717 1249 litterarum
749 1205 898 1249 mensura
928 1188 960 1247 in
992 1185 1117 1248 duabus
1147 1183 1319 1266 glandibus
1349 1193 1462 1264 exstat,

118 1288 239 1368 plumbi
262 1307 396 1369 quoque
420 1288 519 1351 torma
542 1298 574 1352 et
596 1287 779 1370 magnitudo
808 1291 935 1370 utrique
965 1289 1140 1370 exemplari
1163 1307 1226 1350 non
1249 1297 1381 1370 possunt
1403 1307 1465 1349 non

119 1410 185 1454 esse
213 1389 361 1454 eaedem.
421 1391 575 1454 Falsarius
612 1401 717 1454 autem
746 1390 925 1454 Asculanus
954 1392 1066 1474 plures
1100 1389 1272 1454 cuiuslibet
1308 1391 1466 1472 magnitu-

118 1493 199 1556 dinis
228 1493 368 1576 glandes
402 1497 434 1556 in
463 1494 575 1557 eadem
609 1495 707 1557 torma
739 1495 843 1575 lignea
873 1513 945 1556 cum
976 1491 1160 1574 excuderit,
1186 1493 1392 1572 factumest,
1430 1503 1466 1556 ut

120 1596 261 1660 eiusdem
284 1599 384 1680 plane
409 1617 577 1660 mensurae
600 1598 766 1680 inscriptio
788 1596 1008 1678 iuglandibus
1031 1597 1178 1660 diversae
1201 1597 1318 1658 formae
1342 1597 1465 1676 magni-

118 1699 304 1782 tudinisque
331 1713 483 1764 recurrat.
508 1737 553 1748 —
574 1700 695 1764 Deinde
717 1702 809 1782 siqua
831 1701 921 1782 glans
943 1701 1086 1779 offertur,
1117 1718 1211 1781 quam
1235 1719 1298 1761 non
1321 1719 1390 1761 esse
1415 1700 1464 1760 vel

119 1803 248 1868 lusionis
270 1803 403 1868 deiectu
419 1805 470 1867 vel
493 1805 631 1868 laesione
653 1804 830 1867 mutilatam
854 1823 895 1866 ex
917 1803 1042 1885 plumbi
1065 1803 1248 1886 symmetria
1263 1801 1463 1864 manifestum

119 1918 175 1984 est,
201 1909 233 1971 in
258 1927 325 1989 qua
348 1919 453 1970 tamen
477 1909 639 1990 inscriptio
668 1926 731 1970 non
754 1916 857 1970 exstat
881 1908 1018 1988 integre,
1051 1927 1088 1970 ea
1110 1906 1187 1969 laisa
1210 1915 1259 1968 est
1281 1905 1461 1968 iudicanda.

119 2011 161 2070 lta
183 2011 338 2073 falsarius
366 2012 526 2092 antiquior
553 2011 628 2073 iecit
654 2011 849 2092 exemplaria
878 2009 1058 2073 huiusmodi
1089 2029 1121 2072 n.
1140 2009 1179 2071 3*
1202 2029 1262 2070 eae
1288 2007 1356 2089 (pro
1379 2009 1461 2090 aar),

118 2115 345 2178 n.tt*1renrs
381 2114 449 2196 (pro
469 2115 620 2196 peristis),
653 2114 692 2176 ci.
719 2134 751 2176 n.
777 2114 816 2174 5*
839 2123 871 2176 et
893 2135 924 2196 p.
944 2115 1003 2192 88;
1040 2111 1216 2176 Asculanus
1244 2121 1350 2176 autem
1377 2131 1460 2190 cum,

121 2227 153 2277 ut
175 2215 261 2295 dixi,
297 2217 433 2280 eandem
457 2218 589 2280 formam
613 2219 750 2298 ligneam
773 2217 814 2280 ad
837 2215 969 2298 glandes
992 2216 1140 2279 diversae
1163 2214 1389 2298 magnitudinis
1413 2215 1462 2276 in-

119 2319 280 2384 cudendas
312 2319 513 2400 adhibuerit,
547 2323 617 2384 eius
646 2323 869 2403 inscriptiones
891 2339 987 2404 saepe
1016 2337 1145 2382 mancae
1175 2317 1384 2394 exhibentur;
1418 2316 1459 2380 ci.

119 2441 149 2500 r·
173 2425 225 2486 94·
562 2496 568 2506 .

201 2527 440 2609 Inscriptiones,
466 2537 625 2608 quatenus
648 2530 866 2610 interpretatio
888 2547 996 2590 earum
1025 2545 1088 2588 non
1112 2544 1243 2607 prorsus
1267 2525 1386 2586 incerta
1410 2542 1462 2585 re-

121 2629 276 2709 linquitur
299 2630 439 2694 sedaut
468 2631 635 2693 manifesta
658 2641 706 2693 cst
728 2641 783 2694 aut
811 2631 990 2693 coniectura
1013 2631 1114 2710 magis
1136 2629 1281 2690 minusve
1305 2625 1460 2707 probabili

119 2734 248 2812 proponi
272 2743 393 2814 potest,
427 2733 467 2796 ad
496 2735 574 2796 haec
597 2734 662 2797 fere
701 2753 817 2815 genera
841 2735 981 2796 revocari
1004 2741 1147 2815 possunt.
1195 2730 1341 2809 inscripti
1365 2729 1462 2810 igitur

120 2846 207 2896 sunt:

205 2937 232 3018 l)
260 2941 400 3020 populus
423 2940 492 3002 sive
515 2941 694 3022 respublica
719 2941 839 3003 bellum
862 2959 993 3021 gerens:

367 3043 441 3104 Itali
462 3043 557 3106 3-5.
585 3045 657 3107 425.
685 3045 758 3107 426.
786 3043 845 3105 427
869 3041 1023 3126 (ddd.)¹).

202 3141 232 3224 2)
259 3147 313 3224 qui
338 3145 472 3226 glandes
493 3146 561 3208 fieri
586 3149 764 3210 iusserunt:

365 3251 399 3308 L.
425 3249 492 3310 lt'so
514 3251 549 3311 L.
571 3250 596 3330 s.
620 3269 679 3312 cos.
705 3251 717 3310 4

369 3353 400 3411 Τ.
425 3351 603 3435 Losrteaius)
620 3353 752 3434 priaetor
774 3355 931 3415 sociorum
956 3351 1145 3431 Italicorum)
1168 3353 1185 3410 3

365 3453 511 3536 Hopleus)
538 3455 718 3537 implorator)
745 3459 764 3516 2

367 3557 422 3618 Ga.
447 3557 594 3640 Hopleus)
622 3559 801 3640 implorator)
830 3561 870 3619 49

384 3662 420 3735 Q.
447 3661 656 3742 Salvidienus)
685 3661 866 3744 iotpcrator)
893 3661 928 3721 54

382 3762 480 3844 Rufus
503 3765 575 3845 imp.
601 3767 641 3824 68

368 3867 484 3927 Caesar
506 3867 579 3947 imp.
606 3870 645 3928 68

366 3969 408 4030 Μ.
432 3969 597 4051 Fedtlctliuls
619 3969 777 4050 ldibaaus)
801 3969 948 4054 militam)
975 3969 1116 4052 legionis)
1144 3971 1188 4029 XI
1208 3969 1248 4030 ’46

369 4073 399 4130 Τ.
423 4073 491 4134 Etri
507 4071 619 4153 patiant]
645 4073 716 4154 pitz]
744 4071 882 4156 inplicatis)
910 4075 1038 4134 111169

384 4171 477 4255 Apidi
493 4195 547 4256 pr.
568 4177 625 4256 pil.
651 4177 672 4238 4.
704 4179 747 4238 VI
765 4177 818 4238 72.
844 4176 883 4237 73

383 4273 476 4357 Apidi
551 4297 603 4359 pr.
623 4279 681 4359 pil.
707 4277 747 4340 74

383 4375 440 4460 Aa·
464 4399 513 4460 ar·
534 4379 605 4462 att-1
626 4381 661 4442 ⁷⁴

365 4481 387 4542 l.
412 4483 474 4543 4411
493 4483 610 4546 Scaeva
629 4503 681 4565 pr.
703 4485 761 4565 pil.
787 4484 827 4546 79

119 4649 178 4700 vide
195 4651 264 4702 inira
282 4665 311 4718 p.
327 4653 352 4715 t)
373 4666 398 4715 p.
412 4656 463 4702 tto
483 4657 563 4704 nott
589 4655 660 4719 (vide
682 4655 755 4721 apud
775 4669 823 4705 uos
847 4656 883 4706 ad
902 4659 956 4707 no
975 4657 1071 4720 princ.)
1099 4656 1238 4719 glandium
1256 4655 1390 4720 quasdam
1415 4655 1457 4704 in-

119 4737 277 4800 scriptiones
301 4740 328 4788 di
352 4741 455 4790 diemo
473 4745 577 4803 stampe
594 4753 654 4792 esse
671 4741 811 4802 dixerant,
836 4742 961 4807 imperite
978 4745 1103 4806 uterque,
1128 4755 1244 4807 quorum
1264 4740 1385 4792 llubbius
1403 4742 1457 4790 iam

120 4820 276 4875 abstensio
301 4825 394 4876 lettera
418 4828 484 4875 4845
507 4839 535 4891 p.
555 4829 586 4875 24
613 4825 746 4878 relutatus
768 4831 840 4892 erat;
871 4828 920 4878 sod
943 4827 995 4878 hoc
1018 4825 1130 4878 tortasse
1155 4841 1246 4878 errore
1266 4827 1393 4878 inductus
1418 4829 1458 4877 est

120 4905 238 4960 falsarius
261 4911 415 4962 asculanus
439 4911 474 4963 ed
498 4913 689 4979 inscriptiones
713 4914 890 4966 incudendes.
919 4939 950 4950 -
976 4913 1036 4964 Non
1061 4913 1158 4965 melius
1182 4911 1302 4964 llubbiue
1325 4911 1343 4962 l.
1369 4913 1387 4963 1.
1415 4913 1459 4962 in-

120 4995 278 5059 scriptiones
303 5011 330 5048 ιι.
345 5001 370 5058 t,
385 5001 418 5048 28
437 4999 464 5048 et
482 5011 508 5050 n.
526 5003 555 5048 te
570 4991 689 5050 ‘incisas’
710 5013 770 5050 esse
793 5003 922 5060 testetur,
942 5000 986 5050 cui
1009 5013 1103 5064 parem
1122 5000 1259 5050 Garruroii
1283 5011 1404 5050 errorem
1422 4997 1458 5048 ed

122 5089 145 5126 n.
159 5081 188 5128 tr
208 5083 310 5132 notavi.
329 5082 399 5142 Quid
419 5083 493 5148 quod
512 5083 639 5136 Pflsterus
656 5100 682 5151 p.
697 5089 729 5136 244
749 5087 888 5137 Minicium
907 5087 945 5136 eit
963 5083 1055 5137 tabule
1072 5087 1106 5136 ill
1127 5085 1222 5149 [voluit
1234 5079 1294 5144 ‘ll';
1321 5086 1398 5136 tertia
1417 5086 1459 5134 est

121 5163 197 5230 culn]
217 5167 311 5231 viginti
334 5169 448 5233 glandes
465 5169 614 5222 delineates
631 5171 773 5233 exhibere,
800 5173 827 5223 in
845 5171 945 5237 quibus
962 5173 1067 5224 litterae
1090 5185 1144 5222 non
1162 5173 1313 5223 eminentes
1331 5172 1386 5224 sint
1404 5169 1452 5224 sed

123 5248 217 5302 incisae
236 5253 467 5318 (superenatent).

187 5341 208 5401 t)
229 5339 266 5388 De
285 5339 466 5407 inscriptione
485 5344 636 5409 scariphata
657 5341 800 5407 italielapes
818 5344 879 5394 vide
899 5357 923 5412 p.
944 5347 991 5393 tte
1012 5357 1039 5393 n.
1059 5347 1118 5401 428,
