3392 5928
704 563 979 615 ADDITAIIEN'I'A
1006 563 1090 615 vot..
1111 564 1182 615 VIII

415 789 452 850 v.
497 789 624 850 arrsa
646 789 775 852 rrarvs
798 791 868 869 (ra.
893 792 970 868 nas
986 791 1190 865 masena,-
1213 791 1247 852 c.
1270 811 1299 870 p.
1315 793 1365 852 or.
1389 791 1481 868 aaa).

278 947 327 1010 84
356 947 409 1026 (=
431 947 467 1008 0.
491 970 519 1008 n.
537 949 611 1028 775)
643 951 817 1028 Recognovi
849 951 983 1010 tabulam
1010 951 1134 1011 fractam
1162 953 1193 1010 in
1218 969 1345 1029 corpore
1373 949 1487 1010 editam
1518 957 1556 1008 et
1583 949 1636 1009 de·

321 1051 427 1129 scripsi
450 1051 574 1111 alteram
597 1054 688 1112 latam
711 1073 749 1111 m.
766 1053 847 1124 0‚75‚
871 1072 1004 1112 crassam
1020 1054 1102 1126 0,53‚
1125 1053 1216 1112 altam
1233 1054 1315 1126 035,
1344 1061 1413 1112 ante
1435 1072 1487 1112 me
1512 1054 1634 1112 editam

321 1175 340 1213 a
363 1155 537 1214 Polussotio
565 1165 625 1214 ant.
648 1157 704 1230 asr.
733 1175 758 1213 a.
779 1156 857 1216 1883
884 1177 913 1234 p.
930 1155 990 1215 326
1018 1177 1046 1214 n.
1064 1154 1139 1228 222,
1166 1175 1257 1232 quam
1283 1156 1533 1232 coniungendam
1563 1175 1633 1215 esse

320 1276 387 1316 cum
410 1257 463 1316 illa
484 1267 514 1316 et
535 1258 632 1318 forma
655 1265 819 1334 naturaque
842 1258 974 1336 lapidum
997 1267 1027 1317 et
1048 1268 1287 1316 ornamentorum
1312 1259 1428 1337 species
1450 1267 1486 1317 et
1506 1259 1633 1316 litterae

321 1361 490 1420 ostendunt.
533 1361 658 1419 Videtur
684 1368 749 1418 tota
774 1361 877 1418 tabula
904 1361 1075 1419 constitisse
1101 1379 1139 1419 cx
1167 1361 1318 1438 lapidibus
1346 1363 1458 1433 tribus,
1495 1379 1633 1438 quorum

321 1481 398 1522 unns
421 1481 524 1522 recens
546 1469 665 1539 reperto
688 1463 891 1539 magnitudine
913 1463 1050 1538 aequalis
1072 1472 1123 1521 aut
1141 1464 1231 1540 periit
1249 1473 1302 1522 aot
1316 1464 1414 1522 adhuc
1427 1464 1518 1522 latet.
1560 1462 1632 1537 Quo

323 1567 529 1625 continebatur
551 1567 633 1642 prior
654 1583 725 1644 para
746 1565 871 1637 amicae,
894 1567 924 1622 in
948 1584 1007 1641 qua
1029 1565 1077 1624 dei
1098 1585 1207 1624 nomen
1228 1565 1404 1642 inscriptum
1425 1575 1498 1624 erat
1514 1575 1546 1624 et
1561 1585 1632 1624 cun-

323 1669 495 1727 tinuabatur
520 1669 721 1745 fragmentum
744 1665 778 1726 C.
796 1667 880 1725 7750
908 1687 943 1726 ac
970 1667 1059 1726 simul
1085 1667 1242 1727 liniebatur
1268 1676 1349 1726 totus
1374 1668 1496 1727 titulus.
1549 1667 1631 1726 Nam

323 1773 401 1830 latus
424 1777 562 1848 quartum
585 1771 696 1848 lapidis
719 1768 900 1848 incorpore
923 1769 995 1828 editi
1014 1771 1100 1830 atad
1117 1771 1226 1828 litteris
1241 1789 1350 1829 vacare
1371 1771 1401 1829 iu
1420 1790 1455 1828 re
1471 1771 1632 1846 praesenti

324 1873 470 1932 intellexi.
519 1873 576 1934 Eat
597 1875 689 1953 igitar
710 1873 814 1931 titulus
837 1879 926 1948 atque
948 1881 1171 1932 monumentum
1193 1873 1224 1932 in
1246 1873 1325 1933 bunc
1346 1873 1407 1932 iere
1429 1873 1561 1932 mudum
1586 1891 1631 1931 re

323 1976 518 2036 stitucndum:

385 2141 436 2183 aaa
462 2150 649 2196 cinamomo
677 2165 684 2180 ·
710 2149 909 2195 saarrawo
938 2166 944 2180 ·
971 2150 1071 2193 wvav
1095 2167 1100 2181 ·
1124 2150 1205 2196 sara
1229 2165 1236 2180 ·
1258 2151 1398 2195 aalma
1418 2140 1478 2182 ωδ
1495 2151 1523 2187 υ

951 3512 1012 3556 rao
1029 3531 1035 3543 ·
1053 3515 1165 3557 saavra
1186 3529 1192 3543 ·
1213 3497 1292 3556 irae·
1314 3515 1387 3558 can·
1409 3514 1425 3554 r.
1447 3513 1520 3556 aaut

284 3658 319 3716 Ia
343 3655 401 3716 linc
422 3655 549 3718 fortasse
571 3655 729 3734 legendum
753 3655 842 3733 ba[er]
863 3655 923 3732 (vel
946 3655 1066 3734 bu[aar])
1086 3655 1238 3733 [aldrIccta
1251 3699 1258 3714 .
1271 3697 1278 3714 .
1292 3699 1298 3715 .
1312 3655 1342 3733 .].
1366 3687 1408 3698 -
1430 3655 1527 3714 Aram
1543 3653 1624 3713 dedi-

284 3769 380 3819 catam
403 3777 471 3820 esse
493 3767 563 3838 post
585 3777 612 3816 a.
631 3759 689 3818 184
712 3777 749 3816 ex
772 3759 982 3836 agnominibus
1005 3757 1163 3819 Commodi
1185 3760 1288 3818 elucet.

328 4063 587 4125 MUNICIPIVM
609 4061 843 4126 SEPTIMIVM
865 4065 1083 4126 AVRELIVM
1107 4063 1382 4127 SEVERJANVM
1404 4063 1581 4124 APOLLI-

285 4165 400 4227 NARE
424 4166 728 4230 SVLVLITANVM
749 4167 819 4243 (Ha.
837 4169 894 4226 aar
915 4168 1077 4246 el·Oceclr).
1125 4168 1288 4228 inserenda
1308 4177 1379 4246 post
1399 4169 1467 4246 eph.
1487 4169 1583 4244 epigr.
1596 4165 1622 4224 V

789 4291 816 4328 n.
841 4269 929 4344 1219,
953 4271 1115 4330 anteVIa.

328 4427 450 4487 Rudera
471 4427 525 4486 Bir
546 4425 697 4487 cl-Oesch
724 4445 743 4484 a
765 4427 937 4486 Poinasotio
959 4430 1056 4504 primo
1079 4429 1236 4507 explorata
1258 4429 1315 4488 sita
1337 4435 1407 4488 sant
1428 4428 1495 4486 chil.
1519 4447 1581 4487 nno
1604 4446 1621 4484 a

286 4531 423 4589 Mescbta
443 4529 568 4589 Kbalil'u
594 4529 672 4588 inter
700 4529 933 4607 septentrionem
960 4539 991 4590 et
1016 4531 1215 4604 occidentem,
1243 4531 1349 4590 8chil.
1376 4550 1396 4588 a
1420 4531 1466 4589 Ba
1494 4529 1621 4598 Thaleb,

286 4639 426 4709 quattuor
447 4631 529 4689 horis
557 4651 575 4689 a
601 4631 647 4689 Bu
670 4631 799 4707 Djelida.
847 4633 891 4691 lbi
917 4633 990 4692 olim
1016 4635 1112 4694 luisse
1140 4634 1282 4712 oppidum
1306 4633 1475 4693 Romanum
1501 4633 1620 4690 nomine

287 4732 374 4794 Salui
406 4731 551 4810 Septimio
577 4731 690 4794 Severo
722 4735 845 4809 eiusque
877 4735 940 4794 filio
972 4737 1186 4813 imperantibus
1220 4735 1373 4814 municipii
1405 4737 1470 4795 iure
1501 4743 1620 4794 auctura
1687 4803 1688 4806 Ἴ

287 4835 340 4912 (cf.
361 4833 397 4895 G.
420 4854 449 4912 p.
469 4837 525 4895 173
543 4835 623 4914 seq.)
652 4836 756 4896 titulus
779 4836 897 4913 aperuit
918 4857 1005 4915 quem
1028 4839 1106 4898 infra
1134 4839 1229 4896 edam.
1277 4837 1432 4898 Habemus
1460 4839 1620 4915 episcopan

282 4937 377 5014 plebia
390 4935 575 4998 Salulitoauc
595 4939 626 4996 in
647 4939 808 4998 collatione
821 4937 1075 5017 Carthaginiensi,
1097 4939 1134 4999 cl.
1147 4939 1322 5000 Hardninus
1341 4959 1426 5000 conc.
1442 4940 1468 5014 1,
1493 4939 1573 4998 1090
1584 4935 1618 4997 C.

287 5038 400 5098 Verum
420 5040 446 5100 is
467 5059 533 5100 enm
557 5041 634 5099 inter
655 5041 823 5118 complures
846 5041 1049 5102 Mauretaniae
1072 5041 1159 5102 Caes.
1183 5045 1342 5122 episcopus
1369 5049 1561 5102 recenseatur
1582 5042 1619 5097 ab

287 5141 446 5202 Harduino
468 5144 507 5202 ad
528 5163 592 5202 eam
615 5144 799 5220 provinciam
823 5143 934 5202 relatus
957 5154 1013 5203 eat.
1057 5143 1245 5221 Quamquam
1270 5165 1329 5204 non
1351 5163 1471 5224 semper
1491 5147 1520 5204 in
1536 5143 1617 5202 illius

288 5245 405 5305 concilii
429 5245 505 5306 actis
527 5245 673 5304 eiusmodi
696 5246 770 5306 ordo
793 5257 929 5308 servatur
950 5255 980 5306 et
1001 5247 1077 5306 alias
1103 5264 1222 5326 quoque
1248 5267 1286 5308 ea
1309 5249 1425 5309 ratione
1449 5246 1617 5309 Hardninus
