3374 5930
303 583 378 660 408
880 599 1063 656 uouusau

303 799 405 844 corum
436 777 538 860 populi
565 778 710 852 Βοιιιιιιί,
738 787 819 838 certa
844 777 961 838 ratione
987 775 1179 840 determinari
1204 796 1265 838 non
1294 779 1399 858 possit
1441 779 1492 840 Ad
1517 779 1624 840 Italian

304 885 387 963 qnod
409 883 524 958 attinet,
551 883 608 942 hoe
631 903 722 944 unum
745 882 887 942 traditum
910 883 1054 942 babemus
1077 861 1308 940 de'decurionis
1331 882 1507 962 indignitate
1526 883 1627 944 iudiea-
1660 857 1661 882 l

304 987 387 1048 visse
409 997 498 1048 antea
519 995 549 1044 et
571 985 669 1044 adbuc
692 986 749 1044 sub
765 985 822 1044 Pio
844 983 1028 1062 praesectum
1050 985 1126 1057 urbi,
1149 984 1349 1061 deindepost
1371 986 1513 1045 iuridicos
1529 987 1626 1046 aditis

305 1089 449 1150 fratribus
477 1089 629 1148 institutos
657 1087 695 1146 ed
721 1107 774 1148 eos
803 1087 950 1146 translata
976 1105 1043 1146 esse
1069 1088 1143 1145 haee
1169 1087 1280 1146 iudicia
1291 1086 1334 1162 ¹),
1366 1088 1481 1147 ratione
1507 1091 1628 1160 omnino;

307 1211 376 1254 nam
399 1191 450 1270 qui
473 1191 644 1250 civitatibus
668 1199 812 1268 praesunt
833 1190 912 1268 apud
928 1189 1083 1248 Romanus
1106 1189 1339 1267 aequiparantur
1360 1190 1424 1248 fere
1445 1193 1586 1251 tutoribus
1605 1208 1629 1251 et-

308 1315 375 1356 cum
398 1303 528 1354 tutorum
550 1293 669 1354 datione
692 1292 827 1352 iuridicis
849 1293 998 1370 permissa
1019 1292 1126 1350 iisdem
1148 1292 1329 1367 permissum
1352 1299 1413 1364 eet,
1439 1303 1471 1352 ut
1492 1294 1529 1354 de
1548 1297 1629 1374 magi·
1661 1270 1662 1338 f

309 1407 405 1458 stratu
427 1396 600 1474 municipali
621 1396 819 1456 decurioneve
841 1404 1018 1468 statuerent,
1046 1403 1194 1472 quatenus
1220 1414 1257 1453 ea
1284 1413 1333 1454 res
1360 1395 1398 1454 ed
1421 1413 1563 1456 summum
1584 1399 1627 1455 im-

307 1501 424 1580 perium
453 1499 621 1576 pertineret
667 1495 726 1559 Sed
754 1507 852 1556 tamen
879 1497 962 1570 iude,
989 1499 1070 1574 quod
1092 1498 1129 1556 de
1150 1497 1302 1556 creatione
1323 1511 1429 1556 eontra
1449 1499 1542 1576 legem
1563 1500 1631 1558 lacta

308 1603 478 1684 praelectus
501 1601 568 1659 urbi
590 1601 638 1660 rel
660 1600 803 1660 iuridicus
826 1600 902 1658 adiri
924 1607 1056 1677 poterat,
1084 1617 1273 1677 nequaquam
1295 1600 1448 1679 colligitur
1468 1603 1631 1680 magistratu

309 1707 503 1768 sacerdotare
525 1705 556 1762 in
577 1702 740 1780 municipio
758 1702 865 1762 ltaliae
887 1703 997 1764 finibus
1019 1703 1234 1780 comprehenso
1256 1702 1312 1762 rite
1334 1713 1435 1762 creato
1455 1724 1474 1763 a
1496 1705 1631 1780 praelecto

309 1811 393 1870 urbis
416 1809 514 1868 aliove
535 1823 595 1882 quo
615 1805 791 1884 magistratu
812 1807 895 1866 urbis
910 1806 1025 1865 Romae
1045 1805 1301 1864 confirmationem
1319 1807 1445 1883 petitam
1464 1825 1531 1868 esse
1550 1825 1631 1884 neque
1662 1834 1663 1886 ι

310 1913 403 1974 ιιΙΙιιιιι
431 1910 500 1970 telis
527 1909 762 1968 confirmationis
790 1908 991 1968 testimonium
1018 1915 1115 1981 extat,
1137 1927 1211 1986 quo,
1240 1909 1266 1966 si
1293 1928 1330 1966 ea
1356 1911 1545 1984 obtinuisset,
1571 1930 1631 1968 sane
1662 1887 1663 1952 l

310 2035 370 2076 non
396 2010 614 2087 careremusl).
658 2011 757 2071 Aliter
784 2029 832 2070 res
858 2029 891 2070 se
913 2011 1003 2069 habet
1022 2011 1053 2070 in
1077 2011 1250 2088 provinciis.
1295 2009 1380 2071 Ordo
1402 2013 1543 2086 civitatis,
1567 2031 1631 2089 quae

313 2119 369 2180 sub
392 2116 531 2194 praeside
553 2123 641 2184 esset,
663 2113 791 2172 fortasse
814 2112 883 2172 inde
905 2114 942 2172 ab
964 2113 1041 2192 ipsis
1062 2113 1174 2173 liberae
1195 2114 1238 2172 rei
1262 2114 1401 2189 publicae
1417 2115 1630 2193 temporibus³).

312 2229 393 2280 certe
420 2220 476 2276 bac
498 2216 635 2290 aetate⁴)
663 2215 778 2274 nullum
800 2215 950 2274 decretum
973 2215 1071 2275 iacere
1094 2216 1205 2293 potuit,
1233 2217 1316 2292 quod
1338 2235 1473 2292 praeses,
1500 2219 1526 2276 ei
1548 2219 1628 2288 vellet,

313 2341 373 2382 non
396 2321 568 2380 infirmaret.
604 2319 772 2396 Propterea
794 2327 824 2377 et
845 2319 1033 2378 confirmatio
1056 2337 1158 2378 eorum
1180 2317 1366 2378 decretorum
1389 2329 1530 2398 perpetuo
1549 2321 1628 2378 abeo
1663 2398 1664 2426 1

312 2425 473 2502 requiritur
495 2433 524 2482 et
547 2422 572 2482 si
595 2421 642 2480 oui
665 2421 703 2480 ab
725 2419 828 2480 ordine
850 2437 960 2479 munus
983 2420 1106 2497 aliquod
1127 2422 1264 2480 bonorve
1288 2422 1451 2498 iniungitur
1473 2424 1570 2490 inrito,
1587 2441 1626 2498 pa·
1663 2439 1664 2468 ι

314 2528 387 2587 riter
413 2535 504 2603 atque
529 2535 609 2582 tutor
631 2524 719 2582 datus
742 2523 822 2600 apud
845 2522 1013 2600 praesidem
1036 2523 1221 2600 provinciam
1245 2541 1280 2584 se
1301 2527 1465 2601 exeusat⁵)
1490 2537 1519 2584 et
1539 2543 1583 2602 pro
1599 2543 1621 2580 re

315 2629 463 2708 potiorem
487 2645 606 2704 quoque
627 2625 810 2704 nominatss).

316 2836 520 2848 ..-.---

391 2978 419 3046 ,¹)
447 2977 545 3030 Fronto
565 2976 599 3026 ad
618 2974 715 3026 amieos
735 2975 760 3037 2,
776 2975 804 3035 ⁷3
825 2969 984 3024 Steotereeltt
1003 2975 1029 3034 2,
1045 2974 1116 3024 1076
1127 2987 1160 3028 ¹u.
1175 2973 1201 3023 8.
1664 2962 1665 3046 l

395 3069 419 3133 ²)
448 3071 508 3122 Non
533 3067 595 3119 sutis
619 3067 712 3132 opinor
735 3066 819 3118 adhuc
838 3065 995 3117 attendimus
1014 3065 1049 3116 ad
1067 3066 1168 3131 insigne
1186 3065 1236 3116 hoc
1255 3067 1421 3132 privilegium
1440 3069 1570 3120 ciuitatium
1585 3067 1624 3118 Ita·
1664 3051 1665 3072 ἦ

317 3167 434 3218 liearum.

395 3255 420 3322 ⁸)
450 3255 501 3320 Qui
524 3253 672 3320 provinciae
695 3251 839 3318 praesidet,
865 3251 921 3303 inre
946 3265 1030 3318 nequa
1050 3252 1161 3302 civitatis
1180 3251 1243 3302 iuris
1261 3254 1394 3318 peregrini
1414 3254 1506 3305 decreti
1524 3255 1626 3304 ηιιιιιιιιι

318 3355 415 3406 babere
434 3349 534 3416 cogitur
553 3343 723 3410 (Stootereclrt
743 3343 768 3408 3,
783 3343 846 3407 teo)
869 3359 954 3412 neque
973 3344 1069 3396 decreti
1088 3345 1206 3396 coloniae
1225 3346 1392 3410 municipiire
1411 3347 1502 3398 cirion
1519 3346 1626 3398 Romano

320 3463 377 3499 rum
402 3445 429 3508 (l.
444 3460 466 3494 e.
486 3459 511 3507 p.
527 3439 604 3503 810);
632 3445 722 3489 eontra
746 3437 856 3488 civitatis
879 3437 977 3488 liberae
996 3438 1126 3488 decretum
1151 3437 1281 3488 infirmare
1306 3440 1396 3504 nequit
1415 3447 1499 3508 utpote
1517 3452 1573 3506 quse
1590 3437 1626 3502 ipsi

320 3555 373 3592 uon
394 3535 515 3588 oboediat
538 3533 566 3595 (l.
580 3547 603 3581 e.
623 3547 647 3596 p.
663 3527 735 3592 688).
773 3530 818 3581 Ius
837 3530 956 3582 Italicum
981 3547 1043 3582 num
1063 3530 1172 3582 eundem
1196 3529 1283 3580 locum
1308 3531 1406 3582 tribuat
1426 3531 1535 3582 coloniae
1551 3531 1627 3580 cirion

321 3633 498 3684 Romanorum
517 3627 544 3674 iu
562 3623 696 3689 provincia
714 3623 868 3673 constitutae
888 3622 915 3685 (l.
929 3639 951 3674 o.
972 3639 997 3690 p.
1012 3621 1085 3685 807),
1106 3623 1245 3688 quaeritur.

398 3719 423 3782 ⁴)
451 3719 561 3768 Decreta
583 3715 724 3781 legatorum
744 3715 839 3780 Lyciae
858 3716 1002 3781 complura,
1028 3730 1094 3781 quae
1113 3717 1257 3782 perscripta
1276 3717 1303 3766 iu
1323 3723 1489 3768 monumento
1507 3715 1629 3780 Opranose

323 3829 404 3882 nuper
423 3810 525 3877 egregia
549 3823 610 3859 eura
628 3808 762 3860 doctorum
782 3809 994 3871 Austriaoornm,
1018 3809 1126 3873 Loearyi
1151 3809 1264 3859 maxime
1287 3809 1457 3860 innotuerunt
1478 3809 1594 3870 (Peterem
1610 3813 1629 3854 et

323 3905 444 3961 Luscban
462 3902 554 3954 Retron
573 3901 600 3951 in
619 3898 717 3967 Lplrien
737 3917 762 3966 p.
777 3903 810 3950 'l'l
825 3899 899 3966 seq),
920 3901 1009 3952 omnia
1027 3901 1082 3952 lere
1100 3901 1128 3951 in
1148 3901 1275 3950 eiusmodi
1295 3901 1529 3952 confirmationibus
1545 3913 1628 3950 reram·

324 4009 365 4051 tur
393 4005 419 4048 et
443 4011 500 4046 eum
529 3995 651 4060 pleraque
674 3993 708 4044 ad
733 3993 846 4044 honoror
869 3993 1090 4046 extramdinsrioa
1114 4009 1132 4045 a
1154 3993 1301 4044 civitatibus
1325 3996 1486 4045 eommunlre
1509 3993 1629 4059 Opranoae

324 4093 440 4144 decretos
468 4089 626 4156 pertineant,
660 4101 713 4138 una
741 4092 809 4136 certe
838 4085 948 4150 epistula
975 4087 1070 4152 scripta
1101 4087 1135 4136 ad
1165 4085 1364 4150 Gorydalleuses
1392 4087 1490 4152 legatus
1520 4085 1630 4136 confimat

324 4185 432 4236 electum
451 4179 659 4248 archipbyleeem
677 4179 825 4242 provinciae
845 4177 873 4240 (l.
886 4194 908 4229 c.
926 4193 952 4244 p.
968 4178 1019 4230 10³
1039 4177 1132 4230 IIIA:
1151 4165 1299 4247 ’Oapepe'av
1404 4175 1553 4247 yrysrnplrer
1569 4172 1629 4245 ἀρχι-

325 4265 424 4346 palluere
542 4265 584 4322 ani
603 4257 675 4327 atlta't
693 4265 876 4342 ἀποδίχιμιιι).

402 4367 426 4432 ⁵)
455 4367 582 4432 Ulpianus
600 4364 768 4428 Dipsas,
786 4365 859 4426 1,2:
885 4359 937 4422 unt
960 4361 996 4414 od
1018 4361 1124 4431 aliquod
1145 4379 1232 4413 munna
1251 4363 1291 4414 uel
1313 4361 1431 4414 bomem
1451 4371 1569 4426 emuntur,
1592 4376 1630 4410 nn

326 4461 457 4515 dicuntae
476 4457 567 4510 labem
585 4456 776 4516 remeationem,
803 4491 829 4506 ..
854 4472 903 4507 non
928 4455 1004 4506 aliter
1023 4454 1143 4524 adloqure
1163 4464 1270 4526 poemat
1289 4471 1381 4508 consor
1405 4457 1560 4507 ὑιιιιιιιιιίιαιίι
1579 4471 1630 4510 eaor,

327 4572 400 4625 quom
418 4555 443 4606 si
460 4551 654 4622 appellationem
671 4549 873 4616 interposuerint.
913 4549 1021 4612 Quaerit
1039 4549 1142 4612 deinde,
1169 4551 1192 4600 ei
1210 4563 1313 4615 praeses
1333 4549 1422 4600 ordini
1441 4551 1545 4616 aliquem
1564 4560 1630 4598 entu-

327 4651 389 4700 dnm
408 4647 559 4700 nominatim
579 4641 743 4708 proposuerit
762 4649 788 4691 et
808 4643 873 4692 ordo
892 4643 929 4694 ita
949 4641 1098 4705 decreverit,
1119 4656 1264 4708 aquonam
1283 4641 1365 4692 faetus
1385 4657 1442 4693 esse
1459 4643 1578 4694 rideatur:
1595 4653 1630 4686 no·

327 4743 369 4811 pie
387 4739 518 4793 eonsilium
536 4735 634 4788 dedere
652 4749 759 4801 procace
777 4732 877 4784 videtur
896 4751 969 4802 quom
988 4736 1041 4803 ipae
1060 4735 1231 4786 comnenae:
1256 4732 1362 4802 deniqroe
1384 4735 1441 4803 ipre
1463 4737 1509 4787 erit
1526 4732 1630 4802 appellus·

328 4835 383 4896 due,
404 4850 453 4884 non
472 4830 504 4882 ab
523 4846 551 4882 eo
568 4825 765 4897 perorandum.
798 4827 871 4877 Idem
885 4825 948 4893 Dig.
961 4827 1005 4889 49,
1024 4831 1112 4891 1,12:
1132 4829 1157 4878 ei
1174 4833 1268 4880 eonem
1285 4825 1356 4878 nullo
1376 4837 1436 4880 actu
1454 4845 1484 4880 er
1502 4827 1552 4896 lepe
1569 4823 1631 4876 lodie

328 4927 485 4980 duumuirum
503 4929 624 4983 erronem,
649 4917 693 4970 aed
711 4925 805 4970 tantum
823 4917 926 4970 oodbue
946 4919 1110 4988 popularium
1128 4919 1284 4990 postulatura
1303 4921 1386 4988 meque
1406 4928 1464 4973 tune
1476 4917 1632 4989 proeorouloe

330 5019 397 5089 qnod
411 5017 503 5084 secere
522 5030 571 5066 non
589 5011 682 5074 debuit,
702 5012 861 5074 consensisse,
883 5011 1022 5080 appellatio
1042 5015 1069 5064 s'n
1087 5021 1226 5082 rouperto
1243 5029 1402 5082 superuacuo
1419 5015 1482 5080 fuit.

406 5109 431 5174 θ)
459 5109 608 5161 Antoninus
627 5105 684 5157 ood.
697 5104 760 5154 Iust.
773 5105 816 5165 10,
831 5105 874 5166 67,
891 5107 921 5156 lr
941 5107 965 5156 ei
982 5108 1036 5174 epse
1056 5114 1160 5160 noemae
1178 5105 1214 5158 od
1229 5121 1333 5158 monuo
1345 5105 1435 5157 civilio
1448 5101 1633 5176 ponweaalim

330 5201 504 5258 nominandum
520 5199 659 5271 paraveris,
680 5213 728 5264 ope
747 5210 849 5247 coneum
868 5203 943 5252 tuem.
