3374 5930
412 689 710 746 ossuavnuroass
729 689 1014 744 amensamens.
1302 667 1374 743 421

1053 793 1376 804 μ--οω--ι-α--ι-ι-

69 869 178 949 eogitari
197 877 299 948 potest
320 869 384 930 aine
406 869 515 942 ediet03
539 869 592 929 sed
614 869 742 930 edietum
764 869 795 930 id
816 871 843 930 is
865 871 916 948 qui
937 867 1095 947 epistulam
1116 867 1225 946 accipit
1242 867 1307 948 ipse
1327 867 1379 928 ad·

68 975 135 1050 dit¹)
156 975 204 1044 ita,
226 983 258 1032 ut
280 973 437 1050 epistulam
460 975 647 1051 imperatoria
670 973 846 1051 plerumque
868 970 1075 1050 praecedat),
1097 972 1254 1049 aliquoties
1276 971 1380 1033 subse·

68 1077 206 1154 quaturl),
228 1087 259 1136 et
278 1079 320 1136 ita
340 1077 526 1153 aliquatenus
545 1077 745 1148 excusabitur,
765 1076 846 1153 quod
865 1077 919 1136 sub
938 1075 1066 1135 edictalis
1082 1077 1151 1150 lepis
1165 1075 1309 1135 vocabulo
1323 1077 1380 1134 baa

68 1189 151 1239 aetate
177 1189 331 1256 utrumque
357 1197 452 1259 genus
479 1179 787 1258 comprehenditur4).
812 1213 849 1222 -
879 1179 1050 1256 aliquoties
1076 1179 1283 1257 promulgandi
1305 1180 1380 1238 ratio

67 1291 177 1360 utraque
190 1285 363 1343 ooniuuetae
379 1284 552 1359 procedunt,
572 1284 685 1342 scilicet
700 1289 729 1340 et
743 1283 871 1342 edietum
887 1283 995 1340 emittit
1008 1283 1169 1359 imperator
1183 1282 1222 1340 ad
1236 1283 1380 1360 populum

68 1398 90 1444 et
106 1387 223 1446 eandem
242 1387 339 1464 legem
360 1387 451 1445 mittit
470 1387 507 1444 ad
527 1387 728 1463 magistratus.
763 1385 799 1444 111
813 1395 843 1445 et
856 1387 887 1444 in
902 1385 969 1443 aliia
984 1385 1173 1463 gravioribus
1187 1385 1298 1444 laetum
1313 1401 1381 1444 esse

67 1491 217 1548 invenimus
227 1489 257 1565 ⁵)
286 1498 315 1546 et
341 1490 369 1546 in
393 1491 448 1548 hac
470 1489 536 1567 lege
558 1490 595 1548 de
618 1491 842 1548 accusationum
863 1489 960 1547 abusu
980 1488 1199 1564 restringendo,
1226 1488 1303 1546 unde
1324 1488 1381 1546 hoo

68 1603 133 1650 certe
146 1593 335 1669 intellegitur,
358 1599 497 1669 quantam
513 1593 572 1651 vim
588 1591 803 1652 Constantinus
825 1591 852 1650 ei
874 1591 1020 1650 tribuerit.
1053 1591 1129 1649 Mira
1145 1599 1242 1650 autem
1258 1599 1288 1649 et
1302 1591 1382 1666 quod

68 1696 148 1755 seiam
174 1696 237 1755 sine
260 1696 398 1772 exemplo
421 1713 481 1755 non
508 1696 568 1774 ipsi
594 1696 788 1773 magistratus
815 1695 911 1772 legem
937 1693 973 1752 de
999 1713 1035 1753 ea
1061 1713 1093 1753 re
1119 1695 1157 1752 ud
1185 1711 1219 1752 se
1240 1693 1381 1752 directam

134 1975 156 2038 ¹)
182 1977 358 2041 Magistratus,
379 1975 413 2026 ad
433 1991 509 2041 quem
528 1975 678 2025 constitutio
698 1975 796 2026 directa
815 1983 860 2038 sat,
881 1975 950 2040 quod
969 1975 1043 2026 addit
1060 1975 1226 2040 promulgans
1245 1988 1310 2035 eam,
1330 1971 1383 2024 edi-

67 2073 120 2116 etum
137 2069 279 2134 appellatur
297 2070 324 2118 iu
344 2069 453 2118 novellis
470 2068 643 2118 Valentiniani
662 2068 706 2118 111
724 2069 762 2118 tit.
779 2071 822 2118 20.
838 2071 880 2118 22.
896 2070 939 2119 24.
955 2066 1002 2129 26,
1028 2067 1126 2119 Graece
1150 2069 1300 2132 plerumque
1323 2055 1384 2134 11ρό-

66 2177 166 2227 mappa,
193 2169 220 2212 ut
244 2163 271 2211 iu
297 2163 477 2212 constitutione
502 2161 687 2214 sirmondiana
708 2163 741 2210 12
765 2170 791 2210 et
813 2163 908 2226 passim
933 2161 960 2210 in
986 2159 1095 2210 novellis
1119 2161 1281 2222 Iustiniauis,
1306 2161 1384 2210 etiam

65 2241 161 2320 κη’ριγμα
179 2254 284 2316 (Bienor
306 2252 449 2304 Geacltlelte
469 2251 513 2304 der
531 2250 656 2303 Nouellea
675 2269 699 2318 p.
715 2253 770 2316 28).
807 2255 878 2306 Sane
896 2253 941 2302 ubi
960 2267 1012 2304 uon
1031 2253 1214 2319 promulgandi
1233 2267 1310 2303 eausa
1328 2267 1381 2302 ma·

66 2347 173 2408 gistratus
192 2348 328 2412 epistulam
348 2347 449 2412 accipit,
469 2354 551 2396 cessat
569 2347 750 2410 promulgatio.
783 2347 824 2398 Ita
843 2347 990 2396 constitutio
1005 2346 1143 2395 Iustiniani
1162 2359 1221 2395 nov.
1237 2347 1270 2395 22
1292 2345 1323 2395 de
1343 2361 1381 2394 se-

67 2439 144 2488 cundis
162 2441 256 2504 nuptiis
276 2441 385 2489 mittitur
404 2439 508 2504 quidem
528 2447 553 2489 et
572 2441 606 2489 atl
626 2439 770 2504 praefectos
794 2440 924 2504 praetorio
948 2445 974 2487 et
995 2437 1028 2488 ad
1047 2438 1113 2489 alios
1132 2439 1295 2502 magistratus
1314 2453 1383 2488 oom-
1437 2453 1439 2458 ¹

66 2531 147 2593 plures,
166 2533 210 2582 aad
228 2543 258 2581 ut
275 2532 303 2581 hi
322 2533 458 2582 iubeantur
478 2548 535 2582 oum
554 2533 616 2582 solis
636 2533 728 2597 togatis
748 2531 951 2596 officialibusque
971 2531 1023 2581 suia
1043 2545 1099 2581 eam
1113 2531 1311 2592 communicare,
1331 2545 1384 2580 non

67 2624 153 2686 publiea
171 2639 228 2676 eam
250 2627 425 2690 promulgare,
451 2613 586 2692 uipaaivrar
603 2621 649 2676 τῶν
667 2623 723 2691 ννιρ1
741 2613 828 2674 sasima
847 2619 906 2693 παρ’
923 2615 987 2692 ἡμῶν
1005 2618 1176 2692 γεγραμμένων
1194 2609 1256 2692 aptit
1272 2608 1330 2679 ratic
1349 2619 1384 2672 1ν-

69 2706 201 2782 δνξοτᾶταυς
220 2707 347 2788 ἐκᾶρχαυς
366 2715 412 2768 τῶν
433 2716 501 2786 lapo'ir
519 2710 586 2784 ἡμῶν
604 2713 765 2786 αραιτωρίων.

132 2807 155 2872 ²)
182 2811 248 2861 Iuda
268 2813 415 2861 constitutio
434 2813 557 2876 principis
570 2812 664 2861 dieitur
683 2813 845 2876 promulgata
859 2807 997 2860 salvedicto
1018 2808 1087 2871 (nov.
1098 2810 1201 2859 Valent.
1217 2809 1262 2870 26)
1282 2811 1320 2859 vel
1340 2806 1384 2859 arab

67 2881 241 2966 programmate·
257 2905 346 2965 (const.
366 2905 496 2956 Sirmond.
515 2904 557 2966 12)
577 2906 740 2968 magistratus
760 2906 822 2965 eius,
848 2903 881 2952 ad
901 2918 977 2968 quem
997 2903 1094 2952 directa
1113 2909 1159 2952 est.
1195 2903 1312 2966 Krueger
1331 2902 1384 2952 11,.

70 3008 89 3056 p.
100 2996 146 3046 266
165 3005 218 3046 not.
234 2997 277 3046 17.
316 2995 358 3045 De
377 2995 519 3047 subiciendi
538 2997 664 3047 vocabulo
687 2997 714 3046 iu
735 2997 779 3046 tali
804 3012 831 3046 re
855 2996 972 3046 sollemni
993 2995 1048 3045 diri
1067 3011 1180 3045 monum.
1195 2995 1293 3059 Aneyr.
1313 2995 1384 3044 ed.2

70 3088 144 3148 11111.

133 3179 155 3242 ³)
182 3181 249 3231 Inde
269 3182 416 3232 constitutio
439 3182 563 3246 principis
582 3182 675 3231 dicitur
695 3181 809 3231 antelata
827 3180 908 3232 edicto
928 3183 982 3232 eius
1002 3181 1173 3246 magistratus,
1199 3180 1232 3231 ad
1252 3195 1327 3245 quem
1347 3180 1385 3229 di-

68 3279 182 3323 recteest
208 3272 390 3334 (uov.Valent.
406 3275 449 3324 20.
471 3276 513 3324 22.
536 3275 579 3336 24)
605 3276 645 3324 uel
666 3274 790 3342 praelata
814 3273 906 3325 litteris
929 3275 1034 3336 (C.Th.
1049 3276 1074 3335 9,
1090 3273 1146 3336 3,4
1165 3273 1232 3334 eet).
1271 3273 1336 3323 Inde
1359 3274 1387 3322 in

69 3364 139 3414 edicto
153 3367 317 3417 Constantini
337 3367 368 3416 de
382 3365 537 3416 Christianis
556 3373 672 3416 extremo
692 3369 728 3417 sio
747 3375 785 3416 est
799 3367 892 3417 Latine
911 3367 991 3432 (apud
1004 3367 1167 3416 Laetantium
1187 3367 1219 3415 de
1239 3375 1315 3416 mort.
1329 3381 1387 3430 per·

70 3471 109 3506 sec.
127 3475 147 3508 e.
160 3459 219 3520 48);
240 3458 363 3526 praelata
384 3459 569 3526 proprammati
592 3460 684 3520 (codex
702 3459 811 3528 prolata
828 3466 1017 3527 programmate
1039 3459 1117 3520 male)
1143 3465 1183 3508 tao
1208 3457 1269 3509 laea
1290 3459 1388 3526 scriptia

125 3551 158 3600 ad
176 3553 281 3601 omnium
299 3552 428 3602 seleutiam
448 3559 470 3601 te
490 3551 605 3619 perferre
625 3554 763 3614 conueniet,
786 3553 884 3604 Graece
905 3553 984 3616 (apud
1002 3553 1142 3602 Eusebium
1162 3553 1220 3602 hist.
1235 3553 1295 3601 eccl.
1313 3553 1355 3613 10,
1372 3551 1386 3601 5

69 3645 194 3694 seeundum
213 3645 314 3694 oodioes
338 3659 448 3709 paucos,
473 3645 519 3694 aed
542 3645 649 3695 omniuo
673 3646 840 3711 sequendos):
866 3641 1048 3715 πραταχθέντα
1066 3641 1111 3694 sai
1130 3640 1179 3693 σοῦ’
1196 3633 1388 3711 προγράμματος

69 3731 133 3784 ταῦτα
156 3723 186 3786 τὲ
208 3727 330 3800 ὕφ’ἦμῶν
352 3733 477 3804 γραφέντα
502 3771 589 3785 .....
615 3735 649 3794 εἰς
672 3735 760 3806 γνῶσιν
782 3727 876 3788 πέπων
899 3733 1000 3806 ἅγαγεῖν
1024 3725 1167 3788 α’κᾶλννθᾶν
1187 3733 1262 3786 ἔστιν.
1302 3738 1388 3788 Etiam

69 3825 90 3875 iu
109 3830 195 3880 mutila
218 3830 399 3880 constitutions
425 3831 540 3880 eiusdem
563 3832 727 3896 imperatoris
745 3833 805 3882 Vat.
826 3831 857 3880 ir.
873 3832 925 3881 249
951 3837 1066 3881 extrema
1088 3832 1125 3880 ita
1148 3831 1291 3895 supplenda
1316 3836 1387 3880 sunt:

70 3914 113 3979 [les
129 3921 189 3973 ltaec
202 3922 402 3990 programma]li
419 3930 460 3974 tao
478 3923 649 3990 praeferenda
666 3931 709 3974 eat.
731 3949 764 3960 -
784 3925 901 3989 Krueger
919 3923 937 3972 l.
957 3939 979 3973 e.

133 4013 158 4076 ⁴)
187 4017 301 4066 Eatenus
331 4016 463 4066 adsentior
491 4018 625 4082 Kruegero
654 4018 672 4066 l.
698 4033 718 4067 o.
748 4034 773 4082 p.
795 4017 856 4067 264.
904 4014 1050 4066 Ostendant
1077 4016 1104 4066 id
1132 4017 1199 4066 inter
1227 4015 1291 4065 alias
1319 4015 1390 4080 leges

70 4103 231 4158 Valentiniani
249 4109 292 4158 111
315 4109 426 4158 directae
445 4115 552 4173 utraque
577 4109 610 4160 ad
629 4109 786 4174 praefectum
805 4109 936 4175 praetorio
955 4109 1125 4172 uov.'l,1‚5
1145 4109 1182 4158 sie
1200 4109 1304 4158 liniens:
1329 4107 1388 4158 illa-

70 4199 120 4247 11111
202 4201 388 4268 magnificentia
412 4207 456 4250 tua
480 4199 611 4252 edictalem
636 4201 712 4268 legem
799 4208 987 4269 programmate
1012 4217 1055 4251 auo
1077 4202 1104 4251 la
1123 4207 1265 4252 manaturum
1282 4202 1390 4268 praala-

72 4289 159 4342 m'aliam
177 4291 270 4343 iubebit
289 4294 327 4343 ira
346 4294 461 4344 naamam
480 4301 504 4343 et
524 4295 606 4344 altera
624 4311 684 4344 nov.
700 4296 743 4358 34,
760 4298 783 4356 1,
800 4297 834 4344 20
853 4295 946 4344 liniens
962 4296 1011 4344 ita:
1032 4295 1141 4344 illustria
1160 4329 1185 4344 ..
1205 4293 1391 4360 maanfieeatla

72 4387 105 4431 bra
122 4383 182 4436 lano
202 4421 226 4435 ..
247 4385 378 4436 edictalem
399 4385 474 4453 legem
488 4388 632 4454 propositis
644 4385 760 4453 tralgaltr't
772 4386 870 4448 edictis,
890 4388 1023 4452 potuitque
1037 4402 1098 4436 sane
1118 4387 1211 4438 edictio
1229 4388 1300 4437 iussu
1320 4388 1388 4451 priu-

72 4475 125 4538 eipis
142 4480 209 4530 laeta
228 4495 244 4529 a
263 4480 413 4543 magistratu
435 4486 502 4529 reete
522 4481 571 4544 ipsi
590 4481 701 4544 principi
721 4481 834 4530 attribui.

135 4569 157 4632 ⁵)
185 4571 240 4621 Lex
267 4571 410 4622 Theodosii
430 4572 458 4622 Π
486 4573 519 4621 de
546 4573 651 4637 reliquis
677 4574 848 4637 quadraginta
872 4587 998 4622 annorum
1024 4572 1185 4623 remittendis
1213 4571 1390 4634 (1111111,

76 4657 110 4720 28,
124 4662 149 4724 9)
168 4671 192 4713 et
210 4677 257 4728 per
276 4661 382 4714 edictam
402 4663 438 4714 ad
453 4664 575 4732 populum
594 4665 758 4729 promulgata
777 4673 815 4716 est
834 4671 859 4713 et
877 4665 956 4716 missa
974 4671 1013 4715 est
1031 4665 1065 4714 ad
1083 4665 1241 4730 praefectum
1261 4665 1391 4729 praetorio

75 4761 94 4800 et
111 4758 140 4806 ad
158 4759 276 4808 comitem
296 4771 426 4807 sacrarum
447 4757 611 4822 largitionum
631 4757 747 4822 aliosque
766 4758 799 4808 ad
819 4773 883 4823 quos
903 4773 934 4808 aa
952 4773 992 4807 res
1011 4757 1162 4822 pertinebat
1192 4757 1329 4808 Iustiniani
1348 4759 1392 4808 lex

73 4843 98 4894 de
118 4849 249 4900 lenonibus
276 4849 397 4900 tollendis
423 4849 492 4910 (nov.
509 4849 552 4911 14)
577 4851 675 4900 directa
699 4857 737 4900 est
760 4851 837 4901 edicti
861 4851 944 4900 torma
969 4851 1003 4900 ad
1027 4851 1150 4916 populum
1175 4851 1245 4900 urbis
1265 4851 1391 4900 Constan-

71 4935 253 5004 tinopolitanae,
282 4943 327 4992 sed
351 4943 466 4994 eiusdem
491 4943 623 5007 exemplar
647 4929 685 5004 (ri
706 4930 832 5006 lao'rurrm)
856 4959 913 4994 oum
934 4943 1109 4993 additamento
1129 4943 1234 4994 missum
1257 4944 1291 4994 ad
1310 4944 1392 5008 magi·

73 5034 140 5082 strum
159 5035 311 5085 oiiioiorum.
350 5035 469 5086 Alteram
489 5035 521 5085 da
541 5035 661 5086 tollendis
680 5035 812 5102 suffragiis
838 5036 907 5099 (nov.
923 5036 948 5099 8)
975 5037 1115 5100 imperator
1135 5036 1171 5086 ait
1189 5036 1288 5086 misisse
1312 5051 1339 5086 se
1359 5037 1393 5088 ad

77 5126 214 5190 praelectus,
235 5128 280 5177 sed
294 5128 355 5178 item
374 5127 537 5192 promulgare
551 5143 577 5178 se
597 5144 642 5192 per
655 5128 767 5178 edictum
781 5129 815 5178 ad
829 5129 1128 5192 constantinopolitanos
1142 5127 1278 5179 directumz
1298 5116 1391 5196 (νέμον)

74 5203 126 5278 spir
142 5206 197 5276 reric
286 5211 350 5286 »iuria
370 5207 496 5290 ἔπαρχους
516 5207 669 5288 ἐγράψαμεν·
690 5207 763 5268 allai
780 5205 903 5286 προσῆκέν
917 5217 970 5269 ἐστι
990 5211 1031 5267 aul
1051 5209 1114 5286 ὖμὶἶς
1133 5207 1221 5278 alsatia
1239 5216 1330 5269 εἰδέναι
1348 5207 1393 5282 τὴν

75 5294 180 5376 ἦμῑτίραν
197 5297 315 5380 aptitatus
413 5305 453 5360 11111
479 5299 521 5360 tal
544 5309 615 5362 ταῦτα
639 5299 682 5362 τδν
701 5300 774 5380 νέμον
792 5299 865 5362 alell
884 5309 925 5361 aul
949 5308 973 5359 1ν
992 5306 1087 5360 ὶδίκτου
1108 5309 1304 5382 προτεθείκαμεν
1323 5301 1392 5383 σχή-

74 5411 128 5460 ματα.
