3466 5926
314 557 359 628 12
793 569 952 620 84844488
973 567 1177 620 8884448844

311 768 466 838 vestigium
484 758 519 841 (c)
541 765 704 822 servavisse
721 765 806 821 etiam
821 763 898 821 41844
913 763 1045 822 codicem
1060 767 1205 836 optimum
1219 763 1475 836 bambergensem.
1515 765 1539 819 L
1557 764 1672 821 omissa

313 875 357 926 est
376 885 443 926 cum
464 883 642 941 praenomen
665 883 730 924 esse
750 873 911 939 putaretur.
930 896 974 908 --
989 867 1133 924 Falsarius
1148 867 1267 939 quidem
1282 865 1445 924 Asculanus
1464 869 1559 924 torma
1575 867 1671 938 vulgo

309 979 428 1042 recepta
451 987 522 1028 usus
545 973 575 1027 in
598 968 797 1042 compluribus
819 969 974 1042 glandibus
996 970 1106 1026 incudit
1127 970 1201 1028 haec
1223 974 1286 1027 sive
1304 971 1392 1041 plene
1414 973 1478 1027 sive
1500 987 1537 1027 ex
1559 977 1666 1042 parte:

313 1077 342 1132 T.
358 1075 460 1150 Afron.
485 1067 532 1150 (de
555 1073 664 1144 quibus
680 1072 745 1130 vide
768 1072 805 1129 ad
820 1072 944 1145 spurias,
972 1089 1018 1129 ex.
1037 1090 1082 1145 gr.
1101 1089 1131 1130 n.
1152 1071 1218 1142 w,
1239 1068 1288 1148 ro).
1305 1074 1495 1131 -Eundem
1510 1073 1670 1130 Airauium

317 1174 391 1254 (eam
415 1181 492 1235 enim
514 1178 637 1235 iormam
666 1191 766 1232 veram
793 1171 914 1252 putavit)
941 1175 978 1232 ab
1002 1175 1106 1234 Orosio
1130 1181 1159 1244 5,
1182 1181 1218 1234 48
1243 1169 1261 1252 ξ
1284 1182 1320 1234 48
1351 1179 1507 1235 8484884844
1537 1178 1669 1235 88848844

310 1283 448 1354 Berglrius
470 1281 547 1338 Scbl.
566 1297 596 1352 p.
617 1284 667 1350 74,
694 1279 844 1351 vulgatam
865 1279 1019 1336 lectionem
1042 1297 1105 1336 cum
1122 1279 1233 1337 Franco
1256 1283 1287 1336 in
1308 1297 1372 1338 cum
1385 1281 1507 1355 Afranio
1529 1289 1666 1338 mutans.

311 1385 362 1442 Cui
384 1385 512 1457 opinioni
534 1383 630 1440 minus
653 1381 772 1455 quidem
794 1379 906 1452 obstat,
933 1382 1012 1452 quod
1034 1382 1146 1440 Frouco
1169 1383 1282 1454 potius,
1308 1390 1341 1440 ut
1366 1399 1461 1456 nuper
1483 1400 1536 1455 ego
1558 1385 1664 1451 docui,

312 1487 451 1545 exhibent
473 1486 602 1553 88444888,
628 1485 681 1542 sed
703 1488 821 1543 omnino
844 1485 1007 1542 excluditur
1028 1500 1074 1554 eo,
1094 1485 1174 1558 quod
1189 1487 1326 1544 Italorum
1347 1486 1407 1543 dux
1428 1487 1476 1543 ille
1499 1489 1557 1543 iam
1579 1503 1668 1544 mon

309 1599 378 1649 tuus
402 1596 474 1648 erat.
521 1589 660 1659 Bergkius
682 1589 759 1644 enim
782 1587 925 1661 proelium
941 1589 1107 1646 Firmanum
1126 1581 1211 1666 (App.
1230 1591 1243 1646 1
1268 1593 1323 1658 47;
1351 1589 1436 1646 0488.
1454 1581 1472 1666 §
1491 1593 1529 1647 47
1545 1611 1592 1636 =
1609 1591 1667 1645 Pe-

310 1695 409 1753 riocha
433 1696 472 1750 74
497 1684 588 1768 inlu),
615 1693 662 1749 cui
683 1693 827 1749 successit
848 1690 961 1750 obsidio
977 1689 1129 1762 Asculano,
1156 1692 1286 1750 conludii
1308 1709 1375 1750 cum
1398 1708 1494 1765 pugna
1516 1691 1665 1750 Asculana

316 1792 374 1871 (Or.
394 1789 412 1874 ᾗ
432 1801 468 1853 48
493 1816 536 1843 =
557 1795 622 1851 Per.
643 1798 681 1851 74
706 1787 812 1870 med),
845 1801 911 1866 post
933 1811 1022 1867 quam
1045 1794 1149 1852 Strabo
1171 1797 1265 1853 448484
1286 1796 1428 1868 oppidum
1451 1799 1539 1869 cepit.
1589 1796 1664 1850 Nam

310 1900 359 1956 iila
380 1900 478 1971 priore
494 1897 658 1953 bairenium
682 1896 823 1953 cecidisse
840 1896 948 1954 diserte
966 1897 1084 1953 tradidit
1098 1896 1258 1970 Appianus,
1285 1915 1340 1955 ucc
1362 1899 1458 1956 minus
1480 1905 1595 1956 certum
1622 1906 1664 1953 884

311 2002 448 2059 Orosium
469 1993 487 2076 ξ
506 2003 642 2068 48-44,
667 1999 718 2056 8444
735 2000 838 2058 448884
852 2006 976 2058 mortem
998 2017 1055 2056 una
1072 2016 1141 2056 cum
1155 2001 1274 2071 proeliis
1292 2017 1351 2058 uno
1367 2003 1527 2060 Marsorum
1548 2001 1664 2059 altero-

310 2121 369 2177 que
392 2091 505 2162 ‘eadem
528 2088 586 2160 die'
608 2103 761 2160 commisso
784 2103 944 2160 Picentium
970 2110 999 2160 et
1021 2103 1111 2161 nobili
1133 2103 1263 2161 Vidaciiii
1286 2103 1367 2161 obitu
1388 2111 1540 2176 memorat,
1566 2111 1663 2180 sigui-

310 2210 398 2266 ficare
421 2209 508 2264 linem
530 2204 701 2276 Asculanaa,
727 2222 785 2264 non
808 2207 956 2263 Firmanae
979 2205 1153 2264 obsidionis.
1195 2207 1328 2278 Denique
1349 2207 1428 2278 quod
1450 2211 1546 2266 minus
1568 2227 1663 2268 accu-

310 2317 372 2369 rate
399 2311 510 2368 litoreos
539 2309 646 2364 dixisse
677 2307 813 2365 Orosium
843 2312 937 2380 arguit
965 2308 1121 2378 Bergkius,
1159 2311 1223 2366 eius
1256 2311 1300 2366 rei
1332 2317 1535 2382 argumentum
1565 2315 1661 2371 attulit

290 2413 440 2474 nullum:
477 2412 639 2468 Alarsomm
668 2416 764 2468 autem
792 2413 969 2468 mentionem
996 2427 1055 2468 nou
1078 2409 1182 2470 Orosio
1204 2411 1307 2469 deberi
1334 2413 1387 2469 scd
1411 2414 1490 2471 bivio
1511 2414 1656 2486 breviato,

311 2533 399 2588 quem
428 2515 476 2571 ille
507 2514 692 2584 compilavit,
725 2514 863 2572 Periocha
891 2507 930 2590 (p.
950 2516 1001 2582 75,
1024 2519 1040 2570 o
1065 2507 1148 2591 Jahn)
1176 2515 1337 2572 arcadem
1366 2517 1491 2588 epitoma
1522 2528 1660 2594 excerpta

316 2614 364 2696 (ci.
396 2619 489 2675 Praei.
523 2617 560 2673 ad
592 2615 725 2674 Orosium
759 2633 789 2688 p.
819 2616 898 2672 XXV
931 2623 960 2673 et
991 2615 1159 2691 Festschrift
1190 2635 1243 2674 484
1275 2619 1388 2675 Karios.
1419 2620 1657 2694 Pbitotopeovers.
1722 2639 1723 2660 ³

314 2727 392 2781 4864
417 2738 448 2792 p.
468 2725 506 2778 89
523 2713 601 2797 sqq.)
630 2719 727 2776 docet.

309 2919 529 3004 3o[=Corp.
549 2926 590 2982 lX
612 2943 643 2983 n.
664 2931 757 2994 6686,
777 2919 809 3000 u]
846 2929 855 2981 4
885 2941 949 2997 rep.
973 2927 1003 2980 in
1025 2925 1187 2983 castellano
1219 2920 1257 3002 [a.
1280 2931 1359 2985 4874
1388 2935 1483 3000 empta
1510 2949 1528 2987 a
1559 2947 1658 2989 museo

395 3029 549 3102 Asculano,
575 3029 627 3086 ubi
650 3035 743 3085 exstat
764 3044 792 3084 u.
817 3024 925 3101 4740];
952 3030 1061 3100 pendet
1085 3035 1123 3087 56
1147 3045 1191 3101 gr.

357 3137 372 3190 2
399 3127 439 3208 [iu
461 3147 563 3189 museo
585 3129 729 3189 Asculano
753 3147 783 3187 u.
807 3135 898 3200 4846,
924 3137 1021 3202 empta
1044 3149 1071 3188 a.
1095 3126 1204 3208 4874];
1232 3131 1320 3205 pend.
1350 3137 1387 3191 to
1411 3150 1456 3205 gr.

710 3317 787 3359 l'l'Atl
824 3295 838 3378 1
874 3304 903 3358 in
929 3307 962 3358 l:
1014 3312 1083 3364 pugio
1096 3314 1145 3362 (884
1157 3313 1255 3362 gladius)

313 3497 322 3548 4
351 3491 422 3549 Τ844.
442 3493 454 3548 1
473 3497 522 3552 44.
569 3493 727 3563 Descripsi.
767 3491 891 3546 Litterae
909 3505 925 3546 4
940 3491 1021 3546 448848
1036 3491 1156 3548 48484484
1170 3493 1302 3549 nonnihil
1316 3507 1433 3550 sursum
1447 3495 1584 3552 inclinata
1599 3502 1652 3552 est.

310 3595 422 3653 44844.
442 3596 454 3648 l
473 3599 524 3651 46.
569 3595 734 3666 Descripsi:
769 3579 873 3666 444444.
915 3593 1020 3649 Finalis
1043 3609 1051 3649 1
1074 3595 1203 3664 paullum
1219 3595 1338 3653 distorta
1361 3601 1390 3652 et
1405 3597 1537 3654 48488488
1551 3600 1656 3656 484844

352 3703 380 3753 et
403 3711 411 3751 4
434 3698 541 3754 4884884
564 3703 608 3754 884
629 3696 734 3769 glande
756 3695 850 3752 inlisa.
890 3698 923 3752 ln
945 3703 1027 3768 parte
1050 3713 1151 3753 848488
1169 3701 1320 3768 vestigium
1341 3705 1417 3756 extat
1438 3700 1562 3758 tortasse
1577 3704 1655 3759 eius·

351 3799 419 3856 dam
442 3801 550 3870 figurae
573 3806 660 3870 atque
682 3801 713 3855 in
732 3803 759 3854 4.

307 3995 352 4064 38
372 3999 424 4078 [=
440 4005 527 4076 Corp.
546 4004 587 4060 lX
609 4020 639 4060 n.
660 4009 753 4074 6086,
773 3999 814 4077 ru]
856 4009 865 4060 4
894 4021 957 4077 rep.
984 4007 1015 4060 iu
1037 4005 1197 4064 Castellano
1224 4001 1313 4082 [nunc
1335 4010 1365 4064 48
1388 4024 1489 4066 museo
1512 4009 1652 4067 Asculano

393 4123 424 4164 n.
447 4111 538 4178 4427,
571 4112 666 4178 empta
689 4125 717 4163 a.
740 4099 846 4183 4874].
893 4107 1002 4164 Pendet
1031 4113 1069 4166 59
1094 4126 1151 4180 gr.;
1184 4109 1348 4183 robiginem
1370 4094 1462 4168 babet
1488 4113 1648 4170 subalbam.

352 4215 367 4268 i
392 4225 457 4282 4844.
482 4211 513 4266 48
535 4209 696 4267 Castellano
726 4203 816 4284 [nunc
838 4212 868 4266 in
889 4226 991 4268 museo
1014 4209 1157 4270 Asculano
1186 4229 1214 4269 n.
1245 4218 1337 4283 4606,
1364 4221 1460 4286 empta
1488 4233 1516 4271 a.
1545 4208 1648 4290 t873].

392 4312 502 4369 Pendet
526 4313 564 4370 57
589 4328 633 4384 gr.
680 4311 821 4384 Robigine
844 4311 909 4369 alba
932 4311 1047 4370 obtecta
1070 4321 1114 4370 est
1134 4321 1206 4372 tota.

352 4419 367 4472 8
392 4431 456 4486 rep.
482 4417 512 4470 in
535 4415 692 4472 Castellano
718 4411 862 4490 [nuncin
885 4431 985 4472 museo
1009 4415 1153 4476 Asculano
1176 4435 1207 4475 u.
1230 4412 1336 4494 ttaol.
1377 4419 1466 4476 Pend.
1488 4425 1525 4478 65
1542 4436 1584 4492 gr.

834 4601 911 4642 44844
955 4593 1005 4644 884
1050 4602 1115 4644 irat

283 4780 319 4831 14
348 4773 419 4830 Tab.
438 4775 450 4829 i
470 4779 518 4832 to.
565 4775 728 4847 Descripsi:
770 4789 843 4831 444444
861 4775 913 4832 8444
935 4791 1012 4847 pone
1029 4793 1042 4832 4
1059 4777 1215 4848 vestigium
1236 4779 1348 4835 litterae
1364 4793 1372 4834 1
1387 4781 1531 4838 inscrtum
1546 4784 1643 4837 exstat.

307 4882 323 4936 2
347 4877 418 4934 Tab.
438 4879 519 4934 444.
565 4879 730 4949 Descripsi:
771 4893 862 4939 rrAu.
910 4879 987 4936 Haec
1016 4879 1118 4936 eadem
1148 4881 1239 4937 iorma
1268 4897 1406 4952 expressa
1436 4888 1481 4940 est
1509 4889 1592 4956 atque
1617 4887 1641 4946 4,

348 4980 402 5036 sed
432 4981 494 5036 sive
524 4981 553 5037 iu
583 4980 731 5038 iundcndo
756 4980 878 5053 plumbo
904 4982 966 5038 sive
989 4987 1089 5054 postea
1119 4981 1223 5054 glande
1246 4983 1330 5041 inlisa
1353 4986 1460 5042 iactum
1490 4993 1550 5057 est,
1581 4990 1646 5040 844

348 5081 487 5138 deorsum
509 5081 687 5140 lleoteretur.

307 5185 508 5256 3Descripsi:
550 5200 590 5242 444
612 5199 629 5241 8
651 5187 672 5241 i.
692 5201 719 5241 8.
746 5199 824 5241 44444
850 5191 900 5242 884
922 5199 999 5244 4484.
1046 5187 1191 5246 Posterior
1213 5205 1281 5261 pars
1308 5190 1457 5248 inlideudo
1487 5191 1565 5248 laesa
1592 5195 1640 5256 est,

347 5293 379 5344 ut
400 5288 501 5346 4488488
523 5291 627 5360 partim
650 5289 791 5360 perierint
811 5290 917 5360 partim
939 5290 968 5345 in
990 5290 1063 5347 tales
1086 5305 1102 5346 8
1123 5291 1244 5349 lineolae
1266 5293 1401 5350 abierint.
