3466 5926
692 615 890 667 PRAEFATIO.
1428 627 1468 676 xl

744 737 905 746 ,,-.-.-
924 739 970 743 -.
994 739 999 743 .
1019 738 1153 744 --.-..
1189 739 1198 744 -
1285 740 1365 746 ..--.
1382 741 1463 746 .---

113 791 299 870 aliquotiens
321 790 534 853 manifestum
557 801 605 851 est
628 791 733 850 minus
754 799 899 850 accurate
924 790 1007 849 inter
1029 807 1063 850 se
1083 799 1204 868 aptatas
1221 788 1331 850 luisse.
1372 793 1466 852 Fora-

116 912 184 954 men
206 893 340 972 plumbo
374 891 577 956 inlundendo
606 893 798 974 plerumque
822 891 854 950 in
877 889 975 951 altero
1002 899 1071 952 utro
1094 890 1204 952 aculeo
1228 889 1345 953 lormae
1369 890 1466 954 luisse

114 995 188 1058 inde
218 1007 327 1076 patet,
367 995 454 1078 qnod
487 995 647 1058 nonnullis
677 990 849 1074 glandibus
878 1010 964 1054 nune
993 1011 1119 1073 quoque
1149 991 1192 1054 ibi
1223 993 1346 1074 plumbi
1377 997 1467 1076 quasi

114 1098 242 1162 tubulus
274 1099 437 1162 adhaeret
475 1099 538 1182 (ex.
575 1117 621 1178 gr.
658 1099 795 1160 Graecae
833 1095 934 1157 musei
963 1095 1154 1158 Basileensis
1188 1099 1219 1157 in
1253 1097 1468 1160 Visoberianis

114 1221 144 1263 n.
163 1203 229 1283 65),
256 1222 332 1266 oum
358 1205 392 1265 in
415 1203 580 1284 plerisque
603 1200 751 1262 desectus
775 1199 826 1260 sit.
873 1200 1006 1259 Formas
1024 1197 1121 1260 luisse
1144 1200 1329 1279 argillaoeas
1353 1221 1410 1282 per
1432 1221 1467 1263 se

113 1313 178 1366 erat
199 1307 271 1366 veri
305 1306 505 1368 simillimum
538 1315 569 1366 et
598 1303 779 1365 oonieoerat
807 1303 1019 1363 Mommsanus
1048 1301 1144 1383 Corp.
1170 1303 1181 1362 l
1212 1321 1243 1383 p.
1265 1303 1343 1382 488,
1380 1323 1466 1366 nunc

112 1417 214 1468 autem
247 1406 461 1486 comprobare
494 1425 621 1487 possum
653 1404 799 1485 exemplo
834 1402 952 1466 lormae
983 1405 1149 1486 antiquae,
1199 1407 1291 1468 ouius
1324 1407 1466 1468 notitiam

111 1505 210 1570 debeo
233 1509 391 1589 Gangollo
407 1509 601 1590 llieseritzliy
624 1509 782 1588 cuiusque
806 1508 976 1586 imaginem
1000 1509 1171 1590 archetypo
1194 1527 1341 1572 mensura
1357 1529 1466 1590 parem

116 1609 147 1688 (l)
177 1609 305 1675 adiecta
330 1613 431 1675 altera
454 1633 472 1676 a
495 1613 596 1675 latere
619 1621 751 1692 excepta
779 1607 824 1692 (tl)
852 1608 935 1671 inira
960 1609 1101 1674 exhibui.

874 4425 978 4585 00
1226 4421 1329 4581 oe

201 4725 285 4786 Haeo
308 4723 405 4786 lorma
431 4725 526 4808 (liga
550 4737 581 4789 et
604 4729 640 4808 ll)
667 4749 750 4792 anno
780 4730 862 4792 4870
886 4729 1098 4810 Phanagoriae
1125 4740 1253 4814 reperta
1275 4743 1340 4806 est,
1378 4754 1463 4798 nuno

120 4826 302 4908 Petroburgi
326 4829 357 4888 in
374 4847 483 4890 museo
506 4830 675 4912 imperiali,
702 4831 786 4912 quod
808 4832 849 4895 ab
872 4853 979 4894 eremo
995 4843 1117 4912 vooant,
1143 4835 1342 4900 adservatur.
1382 4839 1464 4900 Con-

118 4937 177 4990 stat
197 4930 309 5008 argilla
339 4931 460 5010 coctili3
502 4931 583 4994 inira
613 4932 631 4993 b
660 4934 769 4995 mutila
801 4945 866 5012 est;
900 4937 976 4998 item
1006 4935 1096 4998 deest
1122 4937 1222 4999 altera
1252 4939 1368 5000 lormae
1391 4961 1464 5022 pars

119 5031 190 5092 huic
211 5033 355 5113 gemina,
387 5052 469 5112 quae
492 5053 589 5116 supra
620 5036 701 5098 bano
724 5037 845 5100 inlrave
869 5038 1081 5102 collocabatur
1109 5049 1142 5101 et
1175 5042 1273 5104 olavis
1302 5053 1460 5123 quattuor,

118 5151 175 5212 per
204 5133 357 5196 loramina
390 5136 454 5198 duo
488 5155 508 5198 a
540 5148 571 5199 et
614 5139 735 5220 reliqua
769 5160 855 5204 nuno
889 5141 1070 5205 deficientia
1104 5161 1160 5205 sex
1194 5147 1349 5222 traiectis,
1391 5167 1462 5210 oum

120 5235 175 5297 hao
211 5238 425 5319 coaptabatur.
472 5241 506 5301 ln
529 5243 692 5322 superiore
714 5244 808 5306 buius
839 5243 1005 5326 lmgmenti
1029 5256 1140 5325 parte,
1169 5267 1250 5327 quae
1281 5247 1364 5310 bene
1387 5269 1464 5311 oon-

122 5349 241 5402 servata
265 5350 329 5422 est,
355 5343 474 5405 canalis
496 5363 512 5405 o
535 5344 731 5407 inlundondo
754 5347 883 5428 plumbo
906 5359 1025 5427 exstat;
1053 5369 1128 5412 cava
1151 5349 1178 5430 b,
1198 5351 1269 5431 d‚d
1297 5371 1399 5432 usque
1421 5352 1461 5415 ad
