3374 5930
225 580 274 637 ua
292 581 643 637 scenausmoumvs
660 580 923 638 mramroans
942 579 1044 634 saue.
1056 579 1089 634 r.
1099 577 1180 630 cna.
1190 577 1241 631 1v.
1323 557 1396 634 433

94 757 148 818 inde
166 779 183 818 a
200 758 393 819 Diocletiano
415 778 505 836 supra
526 760 761 820 observavimus.
809 759 845 818 In
867 757 1022 818 Aureliani
1048 755 1243 834 inscriptione
1269 756 1397 832 quadam

94 861 140 935 (l'l
161 861 262 938 1112),
285 863 377 922 semel
400 873 513 922 tanturn
536 863 655 922 saeculo
675 882 705 940 p.
722 860 793 922 Chr.
817 861 904 932 XVI,
933 859 1035 919 neseio
1057 879 1076 918 a
1096 877 1155 936 quo
1178 859 1225 917 rel
1248 877 1308 936 qua
1328 857 1396 934 tide,

93 965 232 1041 descripta,
255 966 362 1026 dicitur
384 966 477 1024 luisse
499 965 564 1024 trib.
576 975 637 1042 pot.
651 965 678 1024 V
694 969 761 1042 imp.
774 965 837 1036 ΙΙΙ,
860 964 891 1024 in
914 963 974 1020 alia
994 961 1072 1037 (XII
1092 961 1196 1038 5548),
1219 979 1307 1038 quarn
1324 962 1397 1022 vidit

32 1126 40 1153 ι
90 1066 255 1140 Hirschfeld,
283 1075 330 1128 est
347 1087 402 1144 pro
422 1069 447 1126 V
466 1073 533 1145 imp.
550 1069 616 1140 ΙΙΙ,
644 1067 722 1144 quod
744 1067 877 1145 intellegi
901 1065 1010 1142 nequit.
1039 1095 1080 1107 -
1109 1063 1232 1122 Maioris
1255 1065 1395 1126 momenti

89 1177 134 1239 ast,
157 1171 235 1246 quod
256 1173 287 1230 in
310 1172 438 1230 nummis
460 1171 558 1230 aureis
580 1170 718 1229 Postumi
744 1169 794 1244 (de
813 1169 904 1228 wius
926 1185 1083 1244 smpsrsurs
1105 1167 1154 1226 des
1180 1165 1287 1226 Gauius
1308 1187 1337 1244 p.
1355 1167 1394 1226 55

29 1293 33 1335 ;
88 1291 109 1329 n.
123 1269 174 1332 tae
189 1291 268 1350 seq.;
291 1271 395 1334 Cohen
418 1273 462 1332 ed.
479 1273 497 1332 2
513 1272 665 1332 Postumus
687 1292 715 1330 n.
733 1269 893 1346 134187)
915 1269 966 1347 qui
989 1277 1119 1346 possunt
1139 1287 1206 1328 esse
1228 1271 1293 1328 cusi
1315 1289 1393 1330 anno

29 1350 35 1363 ‘
86 1375 184 1450 inperii
204 1379 270 1436 eins
291 1375 443 1452 quinto¹),
465 1375 574 1454 legitur
592 1380 659 1452 imp.
679 1374 713 1447 V,
735 1375 765 1434 iu
784 1393 906 1434 nummo
929 1389 1021 1431 aeneo
1045 1371 1096 1446 (de
1110 1371 1202 1430 Witte
1224 1373 1244 1430 l.
1260 1391 1285 1432 c.
1307 1393 1336 1450 p.
1353 1371 1391 1430 33

85 1499 106 1535 n.
122 1479 188 1550 1123
212 1477 316 1538 Coissa
338 1480 358 1538 l.
375 1499 400 1538 e.
421 1499 449 1536 n.
469 1477 551 1552 141),
574 1497 661 1554 quem
683 1487 801 1536 constat
822 1494 890 1535 esse
913 1493 1015 1534 cusum
1038 1493 1104 1534 cum
1125 1473 1289 1534 Postumus
1312 1488 1393 1539 esset

84 1581 225 1641 tribunicia
246 1591 395 1658 potestate
409 1579 494 1656 Xl),
518 1585 584 1656 imp.
601 1581 643 1651 X3
666 1599 733 1638 nam
756 1579 786 1638 id
808 1579 916 1656 ipsum,
939 1578 1020 1654 qood
1041 1595 1100 1636 uon
1122 1577 1175 1636 alii
1195 1578 1248 1637 ulli
1266 1581 1392 1654 numeri,

81 1684 123 1740 sed
147 1684 216 1744 Vet
237 1685 273 1742 X
289 1685 319 1742 in
341 1684 470 1742 nummis
493 1683 632 1744 Postumi
655 1681 851 1759 apparenti),
878 1681 1003 1752 indicat,
1031 1680 1193 1760 significari
1215 1701 1310 1742 annos
1337 1683 1391 1744 im·

80 1787 141 1860 perii
162 1787 298 1864 quintam
319 1795 348 1845 et
371 1785 529 1858 decimum,
558 1787 589 1844 in
611 1785 772 1844 multorum
794 1785 1007 1862 imperatorum
1030 1791 1151 1843 moneta
1171 1783 1271 1844 multis
1292 1786 1390 1846 modis

78 1889 206 1947 celebrari
229 1890 345 1949 solitos.
390 1887 517 1947 Videtur
538 1889 628 1965 igitur
649 1887 828 1959 Postumus,
857 1893 889 1944 ut
910 1895 1017 1963 postea
1037 1885 1245 1947 Diocletianus
1273 1897 1303 1946 et
1327 1889 1390 1950 eius

76 2009 264 2064 successores,
285 1993 446 2070 imperator
467 1991 497 2050 11
519 1991 576 2048 dici
599 1991 731 2050 voluisse
746 2007 824 2048 anno
839 1989 955 2067 imperii
970 1988 1112 2062 secundo,
1135 1989 1223 2050 etsie
1238 1991 1389 2068 deinceps.

146 2095 209 2154 Iam
232 2113 303 2154 vero
324 2113 390 2154 cum
412 2095 486 2154 satis
512 2093 571 2154 nisi
597 2092 686 2152 fallor
712 2093 948 2152 demonstratum
974 2093 1028 2162 sit,
1056 2111 1178 2169 numero
1206 2101 1275 2169 post
1301 2113 1389 2154 roca-

74 2197 162 2256 bulum
184 2198 375 2276 imperatoris
402 2197 490 2256 scribi
517 2197 623 2268 solito,
650 2203 791 2274 vergente
817 2195 937 2254 saeculo
959 2215 989 2273 p.
1006 2193 1076 2254 Chr.
1100 2194 1164 2268 111,
1191 2196 1388 2258 salutationes

73 2302 268 2377 imperatorias
290 2301 459 2378 significare
477 2299 618 2359 desiisse:
642 2298 714 2374 quin
736 2298 819 2375 ipsas
834 2313 953 2374 quoque
967 2297 1176 2373 imperatoriae
1192 2297 1387 2360 salutationes

72 2405 141 2462 circa
161 2403 264 2462 eadem
287 2414 422 2480 tempora
440 2403 590 2475 desierint,
612 2400 663 2460 vix
686 2409 784 2476 potest
799 2399 936 2460 dubitari.
974 2397 1081 2477 Neque
1096 2401 1127 2460 id
1142 2401 1263 2460 mirum:
1286 2403 1387 2462 militi-

71 2507 120 2564 bus
141 2526 175 2565 ea
196 2513 304 2580 aetate,
328 2505 365 2564 de
387 2523 446 2583 qua
468 2504 598 2582 agimus,
626 2521 692 2562 eum
714 2503 765 2580 qui
787 2511 853 2561 erat
873 2502 1036 2579 imperator
1056 2512 1234 2580 perpetuus,
1262 2505 1386 2568 honoris

70 2625 153 2667 causa
173 2609 271 2668 denuo
293 2607 458 2668 acclamare
473 2607 693 2684 imperatorem,
715 2613 748 2663 ut
762 2603 870 2664 deinde
885 2603 1088 2682 appellaretur
1102 2606 1264 2684 imperator
1277 2609 1385 2670 iterum

69 2711 110 2768 rel
130 2712 257 2785 tertium,
281 2712 345 2770 sine
366 2712 482 2769 ratione
503 2709 630 2769 debebat
652 2707 752 2768 videre
774 2717 804 2766 et
825 2725 921 2784 paene
940 2707 1117 2782 absurdum3
1140 2709 1198 2786 ipsi
1218 2722 1316 2770 autem
1331 2713 1384 2772 im·

68 2823 226 2889 peratores,
252 2815 283 2874 in
304 2823 387 2874 tenta
409 2813 487 2872 mole
509 2811 691 2871 noviciorum
714 2819 990 2887 cognomentorum,
1016 2829 1083 2870 oum
1106 2811 1182 2872 iuter
1204 2812 1265 2872 alia
1286 2817 1385 2874 invicti

69 2916 235 2990 dicerentur,
264 2917 340 2975 banc
361 2916 452 2994 prisci
474 2915 583 2974 coloris
604 2903 793 2998 προσηγορίαν
815 2932 875 2972 non
896 2913 996 2990 magni
1023 2913 1130 2973 iecisse
1155 2915 1278 2992 putandi
1305 2927 1383 2977 sunt.

67 3015 119 3077 Sed
140 3020 166 3078 si
188 3027 275 3078 vetos
297 3019 481 3079 consuetudo
503 3018 749 3077 acclamationem
771 3017 1028 3094 imperatoriarum
1049 3017 1204 3093 paullatim
1226 3019 1256 3078 in
1279 3019 1384 3081 desue-

67 3121 187 3181 tudinem
210 3123 294 3195 abiit,
316 3121 498 3180 consuetudo
519 3127 590 3198 post
610 3121 731 3178 nomina
745 3119 913 3198 principum
928 3120 1006 3178 inter
1020 3119 1153 3196 reliquas
1169 3121 1383 3198 appellationes

66 3225 235 3284 vocabulum
257 3228 323 3302 imp.
347 3243 413 3284 eum
436 3241 559 3282 numero
581 3222 696 3282 adiecto
718 3221 921 3300 perscribendi
943 3241 1002 3282 non
1024 3223 1124 3282 statim
1150 3225 1180 3281 in
1204 3224 1382 3286 oblivionem

64 3328 168 3386 abiisse
194 3325 327 3404 putanda
352 3334 412 3396 est3
447 3335 525 3384 certe
555 3325 582 3384 ei
612 3326 721 3403 quibus
751 3324 922 3383 mandatnm
950 3331 1015 3383 erat
1041 3325 1185 3401 epistulas
1214 3327 1381 3406 principum

62 3429 208 3506 edictaque
230 3430 429 3500 conscribere,
453 3428 623 3487 meminisse
639 3427 793 3499 debebant,
816 3427 846 3484 in
868 3427 1064 3506 epistularum
1086 3427 1310 3507 edictorumque
1332 3449 1381 3492 su·

60 3533 204 3608 perieram
227 3531 393 3610 principum
415 3531 548 3590 exordiis
571 3531 649 3590 inter
669 3530 844 3591 tribuniciae
862 3531 1018 3608 potestatis
1035 3539 1064 3589 st
1078 3531 1284 3591 consulatuum
1302 3553 1381 3595 men-

61 3634 163 3692 tionem
186 3639 252 3711 imp.
277 3635 366 3692 scribi
389 3634 511 3693 solitum
535 3651 602 3692 esse
625 3652 691 3692 cum
713 3652 836 3692 numero
858 3633 982 3692 adiecto.
1031 3633 1073 3692 Iis
1095 3651 1217 3693 necesse
1239 3647 1304 3696 erat
1329 3650 1381 3699 aut

60 3736 142 3811 plane
171 3737 306 3795 omittere
332 3737 518 3814 imperatoris
541 3736 717 3796 vocabulum
745 3769 782 3778 -
811 3745 841 3794 et
867 3737 964 3812 potuit
989 3736 1100 3810 omitti,
1128 3743 1160 3796 ut
1185 3739 1280 3796 omitti
1308 3741 1380 3800 soli-

60 3849 115 3896 tum
138 3847 201 3896 erat
222 3839 253 3896 in
275 3839 460 3915 superiorum
482 3839 648 3916 principum
671 3839 810 3917 epistulis
833 3849 901 3896 ante
922 3838 1130 3916 imperatoriae
1156 3839 1379 3903 acclamationis

58 3941 235 4000 iterationem
246 3937 275 4016 4)
302 3950 430 4012 -aut,
459 3943 484 4000 si
512 3943 639 4000 retinere
662 3941 800 4000 volebant
825 3941 1014 4018 imperatoris
1036 3942 1228 4014 vocabulum,
1255 3945 1378 4005 circum·

57 4043 182 4117 spicere,
209 4061 270 4118 qao
292 4061 446 4102 numerum
468 4054 539 4120 post
564 4048 630 4121 imp.
659 4043 837 4103 collocatum
865 4044 1017 4103 referrent.
1066 4041 1141 4104 Cum
1169 4057 1267 4105 autem
1292 4067 1378 4126 prae·

56 4145 167 4203 cederet
188 4145 361 4204 tribuniciae
382 4147 540 4223 potestatis
558 4147 732 4207 vocabulum
752 4165 818 4206 cum
838 4165 960 4206 numero
976 4147 1026 4225 qui
1041 4147 1236 4226 significabat,
1259 4151 1377 4228 quoties

54 4248 177 4324 principi
200 4247 264 4307 dies
286 4247 424 4308 rediisset
446 4267 504 4325 quo
524 4249 682 4308 tribunicia
701 4256 836 4325 potestas
857 4251 996 4310 renovari
1011 4251 1137 4324 solebat,
1159 4271 1254 4329 paene
1269 4263 1377 4328 sponte

54 4349 108 4407 uisi
131 4349 218 4408 fallor
239 4349 347 4410 offerre
370 4367 402 4410 se
426 4351 586 4426 debebant,
614 4371 673 4429 quo
695 4371 848 4412 numerum
870 4361 939 4430 post
960 4355 1027 4429 imp.
1050 4353 1203 4428 referrent,
1231 4354 1300 4413 anui
1322 4356 1375 4416 im-

54 4515 252 4526 ·-—-—----.-

127 4639 150 4702 ¹)
168 4641 274 4707 Legitur
295 4643 362 4693 enim
382 4644 409 4694 in
430 4644 466 4695 eia
486 4645 548 4710 ipsis
568 4645 678 4695 nummis
697 4645 773 4695 etiam
792 4659 841 4694 cos.
852 4641 907 4708 111,
929 4647 998 4710 quod
1016 4645 1043 4695 iu
1061 4646 1119 4698 aliis
1133 4648 1244 4698 nummis
1257 4646 1375 4700 Postumi

51 4733 173 4798 reperitur
192 4736 354 4786 coniunctum
374 4753 431 4788 com
451 4743 482 4786 tr.
497 4743 553 4804 pot.
567 4735 622 4801 III,
643 4743 674 4788 tr.
690 4744 745 4805 pot.
760 4733 828 4799 1111,
850 4743 881 4788 tr.
900 4744 953 4806 pot.
969 4733 998 4788 V.
1036 4737 1076 4789 Cf.
1096 4739 1128 4790 de
1146 4739 1281 4791 Villeiosse
1301 4756 1374 4793 revue

53 4823 237 4878 assissinos.
257 4842 306 4878 ser.
328 4829 370 4891 37,
394 4831 463 4880 1819
482 4847 508 4895 p.
523 4831 585 4881 264.

124 4916 147 4980 ²)
166 4921 272 4986 Legitur
291 4921 359 4972 enim
378 4922 405 4972 in
425 4937 456 4972 eo
476 4937 581 4974 nummo
605 4925 681 4975 etiam
706 4921 802 4987 coal',
827 4924 987 4977 consulatum
1008 4932 1092 4977 autem
1110 4927 1225 4992 quintum
1244 4942 1296 4979 nna
1315 4943 1372 4979 cum

49 5011 182 5064 tribunicia
201 5021 326 5078 potestate
346 5014 446 5066 decima
466 5029 482 5066 a
500 5015 625 5068 Postumo
644 5025 743 5083 gestum
763 5031 817 5069 esse
836 5017 881 5069 alii
901 5019 998 5069 nummi
1018 5019 1118 5070 docent.

123 5099 147 5166 ²)
165 5105 292 5157 Nummus
312 5119 404 5157 aursus
417 5109 511 5159 relatus
531 5109 680 5172 aTaninio,
701 5113 727 5162 in
742 5126 792 5177 quo
807 5111 900 5162 dicitur
914 5126 969 5163 esse
982 5111 1038 5179 imp.
1050 5109 1084 5161 ΙΙ
1101 5112 1208 5175 (llckhel
1223 5115 1237 5162 7
1257 5131 1282 5180 p.
1297 5113 1370 5177 tes),

47 5195 100 5246 sins
121 5195 197 5248 dubio
216 5213 268 5248 non
288 5199 403 5250 diversus
423 5207 461 5250 est
480 5215 495 5252 a
513 5217 618 5253 nummo
639 5218 679 5271 ap.
699 5205 731 5255 de
744 5205 825 5256 witto
845 5221 869 5256 n.
885 5206 948 5267 228,
967 5205 993 5255 in
1014 5220 1064 5272 quo
1084 5212 1123 5257 est
1141 5205 1199 5274 imp.
1214 5202 1244 5260 V.

123 5285 146 5350 ⁴)
166 5289 195 5340 C.
205 5291 227 5340 1.
238 5289 268 5344 L.
288 5291 330 5342 111
349 5307 373 5356 p.
389 5292 450 5344 905.
