3470 5932
347 664 424 736 464
927 685 1109 741 mouusm·

1186 785 1469 800 ——a———-

349 855 537 932 aliquatenus
559 859 687 918 inirsctc
706 859 772 918 fuit.
810 859 983 937 Respondet
1002 861 1032 920 id
1048 863 1169 920 omnino
1185 861 1344 920 mutationi
1359 860 1507 918 formulae
1521 860 1551 918 in
1568 859 1676 916 missio·

349 959 437 1018 nibus
459 969 621 1038 usurpatae
643 961 685 1033 ei,
708 979 785 1038 quse
807 963 906 1038 coepit
927 964 1005 1021 inter
1027 984 1054 1022 ιι.
1073 963 1130 1024 138
1153 974 1185 1022 et
1208 965 1282 1034 145,
1312 963 1341 1020 id
1364 972 1410 1020 est
1432 981 1451 1018 ιι
1473 961 1577 1038 primis
1599 961 1676 1017 annis

348 1063 539 1138 imperatoris
569 1063 632 1136 Pii,
661 1063 739 1122 redit
765 1076 877 1136 autem,
907 1075 939 1124 ut
968 1073 1048 1125 recte
1077 1066 1194 1125 monuit
1220 1065 1458 1138 Hirschfeldius,
1487 1064 1525 1122 ad
1552 1063 1676 1122 instituta

348 1162 511 1238 Hadriani3
541 1185 609 1224 nam
637 1175 707 1242 post
732 1167 864 1244 quinque
891 1177 921 1226 et
947 1169 1051 1246 viginti
1082 1167 1231 1246 stipendia
1258 1169 1384 1227 emerita
1410 1169 1530 1228 demum
1563 1166 1675 1224 mutatio

348 1266 401 1326 ills
435 1269 466 1326 in
499 1267 695 1328 missionibus
729 1267 864 1328 effectum
891 1270 1002 1332 babere
1030 1271 1137 1350 potuit.
1202 1270 1326 1333 Scilicet
1355 1291 1422 1330 cum
1450 1269 1613 1329 auxiliariis
1642 1267 1675 1324 sd

348 1369 433 1428 illum
456 1388 551 1448 usque
574 1389 683 1430 annum
706 1372 843 1432 omnibus
867 1373 974 1434 civitas
990 1373 1129 1433 Romans
1151 1373 1338 1447 tribueretur,
1360 1373 1431 1433 inde
1453 1373 1492 1432 ab
1512 1391 1589 1430 auno
1607 1377 1675 1429 certe

352 1473 409 1530 145
433 1473 569 1532 clausula
592 1473 733 1533 inseritur
754 1478 805 1552 qui
826 1493 922 1534 eorum
943 1495 999 1536 nou
1020 1477 1163 1549 inderent,
1185 1488 1215 1538 et
1236 1479 1336 1536 erravi
1358 1495 1425 1555 ego,
1447 1495 1516 1535 cum
1535 1475 1596 1532 dixi
1615 1473 1675 1530 licet

349 1573 487 1634 dubitans
510 1593 599 1652 posse
626 1576 654 1634 id
682 1577 811 1636 fortasse
837 1579 976 1656 restringi
1003 1580 1042 1639 ad
1068 1580 1149 1639 solos
1176 1579 1355 1640 auxiliarios
1384 1587 1455 1656 post
1481 1577 1672 1654 probationem

349 1687 418 1735 ante
441 1679 611 1738 missionem
634 1679 756 1738 civitate
777 1679 915 1742 Romans
941 1682 1079 1742 donatos.
1129 1683 1224 1742 immo
1250 1683 1311 1742 iem
1340 1681 1476 1741 ridemus
1498 1679 1672 1738 Hadrianum

349 1781 550 1855 constituisse,
573 1789 606 1840 ut
627 1783 710 1842 cives
724 1783 878 1844 Romanos
901 1803 960 1844 non
984 1785 1080 1845 solum
1103 1787 1154 1862 qni
1176 1795 1283 1863 sponte
1302 1803 1337 1844 se
1355 1785 1508 1854 offerrent,
1530 1783 1560 1841 in
1575 1781 1675 1840 auxilie

348 1881 480 1960 recipere
506 1884 623 1958 liceret,
652 1885 706 1944 sed
733 1887 824 1946 etism
852 1887 966 1965 legere;
994 1889 1021 1948 is
1050 1889 1128 1948 enim
1155 1907 1243 1966 quem
1272 1907 1365 1966 supra
1390 1887 1546 1946 attulimus
1572 1883 1607 1944 ad
1628 1885 1673 1940 bor

349 2001 443 2062 genus
465 1986 593 2046 militnm
616 1989 754 2064 pertinet.

431 2089 544 2149 Milites
566 2090 618 2166 qui
640 2101 831 2152 accesserunt
852 2111 905 2169 per
926 2094 1059 2171 quinque
1079 2111 1198 2154 menses
1222 2093 1336 2172 primos
1358 2113 1386 2152 a.
1405 2092 1474 2164 156,
1500 2092 1552 2150 alii
1574 2091 1671 2148 tirones

350 2199 421 2250 sunt
441 2193 537 2252 lectus
559 2211 636 2252 unus
658 2193 698 2269 (Ι,
721 2193 875 2270 20-24),
898 2196 1057 2256 voluntarii
1079 2215 1186 2257 novem
1208 2195 1248 2274 (Ι,
1273 2195 1396 2268 31-ΙΙ,
1423 2193 1491 2270 12),
1518 2194 1568 2252 alii
1589 2203 1671 2250 usuc·

348 2293 403 2354 leti
431 2314 469 2353 ex
498 2295 676 2373 corporibus
705 2298 885 2358 militaribus
914 2300 998 2372 aliis,
1034 2300 1149 2360 scilicet
1176 2300 1285 2359 militia
1312 2305 1426 2358 munta
1454 2315 1570 2375 poenae
1594 2311 1671 2354 causa

349 2413 428 2454 nnus
451 2397 488 2473 (Ι,
512 2397 666 2475 25-30),
695 2401 833 2460 translati
859 2421 898 2460 ex
921 2401 1038 2480 legione
1066 2403 1125 2461 duo
1155 2403 1211 2478 (ΙΙ,
1237 2399 1387 2476 13-21),
1415 2419 1454 2459 ex
1481 2401 1598 2459 cobcme
1622 2396 1671 2452 alia

349 2515 425 2557 unus
454 2499 513 2575 (ΙΙ,
541 2499 693 2576 21-24),
721 2522 759 2561 ex
787 2523 911 2562 numero
937 2505 989 2580 qui
1019 2505 1131 2564 excidit
1157 2505 1217 2563 duo
1245 2504 1307 2577 (ΙΙ,
1335 2502 1494 2580 25-31>;
1523 2511 1668 2560 extremum

348 2619 445 2680 genus
468 2605 532 2661 item
549 2605 650 2678 sceti.
673 2649 680 2664 .
702 2650 709 2664 .
733 2605 789 2682 (ΙΙ,
813 2605 951 2682 32-38)
974 2625 1033 2682 quo
1050 2608 1206 2683 pertineat,
1230 2608 1342 2666 nescio.
1379 2605 1528 2664 Militibus
1550 2623 1586 2662 ex
1606 2601 1667 2678 ipsis

348 2705 457 2763 castris
478 2705 623 2778 oriundis,
646 2725 770 2784 quorum
794 2727 830 2768 ea
851 2717 950 2767 aetete
972 2729 1127 2769 numerum
1150 2729 1208 2768 non
1230 2710 1372 2788 exiguum
1397 2709 1492 2766 luisse
1520 2713 1629 2766 constat
1638 2702 1667 2777 ¹).

348 2805 479 2865 formula
500 2827 603 2885 parum
626 2811 784 2871 convenire
806 2810 936 2884 videtur,
964 2819 1184 2889 potueruntqne
1209 2811 1231 2870 ii
1258 2823 1310 2870 aut
1335 2811 1414 2870 iuter
1435 2809 1613 2868 uoluntarios
1633 2825 1666 2862 re·
1706 2829 1707 2902 p

350 2911 465 2968 censeri
492 2919 544 2968 aut
570 2913 647 2972 inter
673 2913 778 2973 lectos.
813 2947 853 2957 -
883 2915 932 2973 Ad
959 2914 1096 2992 singulos
1123 2915 1234 2974 milites
1261 2913 1434 2989 adscriptus
1463 2923 1511 2972 cst
1536 2927 1624 2970 conus
1645 2921 1666 2964 et
1706 2905 1707 2923 ¹

350 3012 426 3083 dies,
449 3013 557 3089 quibus
578 3015 676 3074 iactus
699 3017 748 3087 sit,
776 3035 853 3092 quos
876 3016 939 3076 dies
962 3017 991 3075 in
1015 3017 1161 3077 tironibus
1183 3015 1359 3092 supradixi
1382 3013 1589 3093 comprehendi
1609 3009 1665 3068 anni

352 3114 410 3172 156
443 3117 598 3176 mensibus
631 3119 761 3200 quinque
792 3120 914 3196 primis3
947 3121 1105 3180 translatis
1131 3119 1311 3178 adscribitur
1342 3118 1407 3177 dies
1436 3117 1508 3176 enni
1534 3113 1664 3175 cuiusdam

349 3217 566 3293 praecedentis.
615 3218 753 3280 Ceterum
775 3223 807 3280 in
829 3222 910 3282 hisce
937 3221 1041 3282 diebus
1069 3241 1135 3282 cum
1162 3229 1284 3298 propter
1310 3220 1429 3279 litteras
1456 3220 1506 3278 hic
1531 3219 1589 3278 illic
1610 3233 1664 3272 ere·

350 3329 508 3379 noscentes
529 3329 591 3380 tum
613 3333 737 3401 propter
758 3325 976 3402 neglegentiam
999 3325 1157 3385 scribentis
1180 3323 1228 3400 (ut
1248 3323 1291 3398 ΙΙ,
1314 3325 1334 3382 4
1355 3329 1533 3401 repetuntur
1546 3317 1663 3379 consules

349 3431 467 3496 praeter
490 3427 752 3502 consuetudinem)
775 3427 891 3486 minore
912 3425 1058 3504 quaedam
1080 3426 1172 3486 dubia
1192 3435 1410 3486 remanserunt.

432 3525 515 3584 Inter
535 3527 648 3588 tirones
671 3547 763 3587 unum
785 3529 909 3606 reperiri
931 3531 1056 3602 lectum,
1083 3529 1272 3589 voluntarios
1294 3547 1401 3588 novem
1424 3528 1577 3587 confirmet
1598 3521 1661 3600 quod

349 3627 393 3684 ait
414 3627 463 3704 qui
486 3627 523 3686 de
545 3647 577 3690 re
599 3629 722 3690 militari
744 3633 865 3708 scripsit
886 3633 1052 3708 imperante
1075 3631 1188 3694 Severo
1210 3632 1319 3691 Arrius
1341 3630 1507 3690 Menander
1527 3629 1603 3705 (Dig.
1622 3623 1660 3682 49.
1705 3661 1706 3690 ι

351 3727 399 3800 16,
422 3729 451 3800 4,
477 3730 543 3805 11)ι
563 3731 730 3810 plenumque
751 3735 913 3794 uoluntario
935 3735 1022 3794 milite
1042 3739 1153 3794 numeri
1173 3733 1352 3810 supplentur,
1375 3733 1474 3792 ubivis
1493 3733 1523 3791 in
1538 3745 1660 3790 commen·

348 3831 432 3889 iuriis
454 3831 499 3892 eis
521 3832 710 3911 distinguens
733 3837 927 3898 interlectos
952 3848 982 3897 et
1005 3835 1238 3914 voluntariosl).
1291 3835 1411 3912 chuni
1433 3834 1601 3894 vocabulum
1620 3847 1660 3904 op·

349 3933 469 4009 ponitur
490 3935 577 3994 militi
599 3936 630 3994 in
653 3955 767 4016 papyro
790 3940 833 3998 ita
855 3950 888 3998 ut
903 3938 982 4016 spud
998 3938 1177 4015 Tacitumi)
1194 3948 1224 3999 et
1238 3937 1411 4014 Plinium4)
1434 3937 1565 4014 aliosque
1577 3939 1660 3994 aucto·

348 4053 397 4094 res
425 4037 547 4112 possim.

433 4139 559 4199 Militiae
582 4143 707 4202 mutatio
728 4143 806 4204 inter
833 4161 946 4221 poenas
973 4145 1099 4204 militum
1130 4153 1161 4205 et
1188 4144 1260 4205 olibi
1288 4152 1470 4205 memoretur
1497 4135 1658 4220 (Msrqusrdt

351 4330 554 4342 —u—-.-

427 4463 450 4526 ¹)
470 4465 579 4516 Hermus
599 4463 633 4515 19
653 4481 678 4532 p.
695 4469 738 4518 10.
1704 4537 1705 4540 ¹

423 4554 448 4620 ²)
468 4557 529 4623 Dig.
549 4560 594 4622 49,
616 4559 658 4621 16,
678 4560 705 4621 4,
727 4561 756 4610 1:
781 4559 816 4610 ad
835 4558 928 4612 bestiae
946 4560 1022 4612 datus
1040 4577 1064 4612 ss
1081 4563 1198 4630 prmupit
1216 4561 1363 4614 ermilinae
1388 4578 1414 4614 se
1437 4561 1517 4621 dedit,
1592 4555 1654 4622 rupi?
1704 4553 1705 4624 fl

342 4648 487 4714 puniendus
506 4657 555 4712 eet,
582 4648 695 4718 idemque
715 4649 896 4704 obseruandum
914 4661 951 4704 est
971 4655 999 4704 iu
1018 4671 1046 4706 eo
1070 4657 1114 4722 pui
1136 4653 1189 4722 legi
1211 4671 1236 4706 ae
1254 4671 1351 4723 pnsum
1373 4663 1417 4706 ert.
1464 4657 1495 4706 2:
1519 4651 1549 4704 Ιιι
1572 4647 1651 4700 imm

347 4739 493 4808 (deportatus
511 4743 535 4792 si
553 4741 675 4809 effugiens
691 4745 797 4796 militiae
810 4761 835 4796 se
852 4745 922 4796 dedit
939 4745 1047 4798 lecturus
1060 4745 1234 4808 dissimularit,
1255 4749 1338 4816 ccpr‘te
1347 4745 1490 4816 puniendus
1501 4751 1542 4796 esi.
1568 4745 1594 4792 3:
1611 4747 1650 4788 um

342 4837 476 4898 porarium
495 4833 596 4884 acilium
614 4836 758 4888 uoluntario
777 4839 854 4888 militi
873 4839 972 4890 insulae
994 4839 1171 4906 relegationem
1190 4839 1311 4908 adsignat
1329 4839 1518 4898 dissimulatum,
1544 4836 1597 4885 lecit
1617 4829 1651 4890 (sic

346 4925 448 4976 videtur
476 4927 640 4980 scribendum
663 4945 711 4995 pro
740 4929 918 4994 discimuictio)
942 4939 1090 5000 perpetuum
1112 4933 1221 4984 erilium.
1268 4935 1299 4984 9:
1324 4935 1369 4999 qui
1390 4940 1448 5000 poet
1471 4929 1613 4981 desertionem
1632 4921 1649 4964 u

346 5016 424 5067 aliam
442 5017 558 5070 militiaeve
576 5036 661 5071 nomen
684 5019 806 5073 isdemne
829 5022 909 5090 legire
929 5021 977 5088 [se]
995 5025 1071 5092 paesi
1093 5024 1393 5078 cunt...mi1itcriter
1411 5019 1552 5093 prmiendoe.
1589 5011 1649 5066 Sini-

345 5109 404 5159 liter
423 5111 553 5164 Trsicnus
572 5115 641 5181 apud
661 5115 729 5166 Plin.
749 5131 790 5182 ep.
804 5115 854 5168 30:
882 5115 961 5181 refert
978 5115 1119 5169 uoluntarii
1142 5133 1169 5170 ae
1187 5115 1323 5170 obtulerint
1345 5135 1378 5168 cn
1399 5117 1457 5170 lecti
1478 5117 1524 5165 ιὶιι
1541 5109 1577 5160 rel
1591 5105 1648 5156 euos

345 5202 442 5253 vicarii
459 5203 524 5256 dati.

421 5295 446 5359 ³)
467 5297 526 5348 bist.
550 5301 574 5360 1,
594 5299 643 5350 53:
663 5301 728 5352 inter
741 5317 863 5369 paganos
881 5303 1025 5370 corruptior
1044 5305 1115 5356 miles
1135 5313 1182 5356 eet.

422 5385 447 5449 ⁴)
468 5389 501 5438 sd
522 5389 592 5440 Trai.
614 5388 682 5442 sub:
702 5399 726 5442 et
744 5393 836 5443 militer
853 5401 877 5445 ct
891 5397 1000 5462 pagani.
