3466 5926
553 603 598 652 ΕΤ
616 600 785 660 lemovis
805 598 963 650 monnau.

574 1501 754 1554 intell:
877 1513 928 1552 ra·
970 1511 1054 1552 avr·

888 1611 928 1653 t·
969 1612 1049 1679 xv,

573 1753 754 1810 intelli:
848 1745 988 1824 o·rl:·

90 1941 154 1998 Tab.
171 1941 194 1996 ll
210 1945 240 1997 ¹1.
288 1941 442 2012 Descripsi
465 1947 498 1996 ut
521 1957 619 2012 supra.
666 1941 698 1996 ln
721 1941 797 1996 areis
821 1945 849 1996 3.
879 1943 908 1998 6.
936 1942 965 1996 7.
996 1933 1054 2016 (iti)
1081 1947 1187 2012 puncta
1214 1942 1357 2014 quaedam
1381 1961 1433 1999 ex-

90 2051 158 2098 stant
178 2045 240 2098 sine
263 2045 370 2100 ordine
394 2051 423 2100 et
445 2042 525 2098 baud
546 2042 635 2099 dubie
656 2057 711 2114 per
732 2041 891 2099 ludibrium
915 2044 1019 2114 posita.

168 2147 206 2203 ll.
224 2147 291 2220 lios.
318 2152 379 2201 tam
409 2145 447 2202 de
469 2137 590 2221 biiaaco)
622 2137 788 2220 (ltinueiol)
815 2144 889 2201 lluio
918 2161 1006 2216 quam
1028 2137 1149 2220 ll(arco)
1176 2147 1273 2220 liulio,
1308 2149 1433 2206 Rulreno

94 2243 135 2322 (cl.
167 2249 251 2319 Corp.
284 2250 296 2304 l
321 2243 399 2325 lnd.)
427 2248 522 2304 aliove
545 2250 661 2304 nomine
689 2248 788 2320 gentili
816 2247 953 2318 explicari
980 2250 1095 2320 poterit.
1121 2277 1165 2288 -
1193 2249 1225 2304 ln
1250 2255 1267 2307 5
1291 2263 1314 2307 0
1338 2253 1434 2323 potius

90 2353 171 2408 tuisse
187 2367 275 2422 quam
291 2365 314 2408 n
330 2351 458 2408 videtur.
500 2351 643 2407 Falsarius
660 2351 822 2406 Asculanos
845 2349 1007 2408 secundum
1029 2351 1103 2407 hanc
1126 2357 1176 2408 aut
1196 2353 1319 2408 similem
1335 2354 1435 2410 incidit

89 2455 212 2522 formam,
238 2471 296 2526 qua
319 2455 424 2526 plures
446 2454 558 2511 incudit
583 2447 659 2530 (vide
685 2449 741 2510 ot*
757 2467 810 2510 aas.
829 2466 871 2512 aro
887 2446 953 2528 ab).

169 2557 323 2614 llenzenus
346 2557 425 2612 cuit.
443 2557 513 2613 dell.
531 2559 601 2613 litat.
621 2559 700 2612 6876
722 2572 752 2626 p.
770 2561 807 2613 68
825 2571 870 2628 sq.
893 2555 1029 2628 glandem
1051 2555 1225 2612 simillimam
1249 2557 1337 2614 edidit
1359 2574 1434 2629 quae

91 2658 138 2714 luit
163 2660 238 2730 apud
268 2659 415 2718 baronem
445 2659 483 2716 de
505 2660 596 2716 Riseis
618 2659 755 2730 Neapoli:
804 2651 829 2732 a]
858 2673 894 2714 ra·
915 2653 921 2731 Ι
941 2672 1016 2728 avr,
1057 2655 1085 2734 b)
1108 2673 1159 2715 bit
1179 2650 1185 2738 Ι
1204 2675 1259 2730 xv,
1299 2653 1325 2736 c)
1352 2689 1431 2729 66666,

92 2755 116 2836 d]
137 2755 187 2836 lao
208 2762 245 2818 ad
268 2779 398 2834 eamque
421 2763 573 2833 legendam
601 2761 860 2833 explicandamque
882 2762 994 2818 coniert
1016 2762 1248 2834 Desjardinianas
1271 2779 1301 2820 n.
1322 2757 1435 2822 wala

91 2869 117 2918 et
141 2858 282 2939 (caseon)
311 2881 352 2922 oo.
380 2881 408 2922 ta
430 2866 468 2922 al.
527 2865 585 2922 Sed
613 2871 646 2920 ut
668 2864 901 2936 Dosjardinianas
930 2880 1032 2922 omnes
1059 2866 1133 2922 mala
1164 2867 1265 2923 iraude
1298 2867 1436 2924 confictas

92 2981 150 3022 esse
171 2975 298 3038 constat,
333 2971 373 3025 ita
395 2969 536 3024 liiseanae
559 2984 677 3040 quoque
699 2971 790 3024 status
812 2970 944 3039 quaestio
968 2983 1026 3025 non
1052 2971 1114 3025 sine
1137 2984 1224 3026 causa
1247 2972 1358 3027 moveri
1380 2985 1436 3041 po-

92 3071 159 3124 terit.
205 3071 244 3126 Ea
271 3071 358 3143 glans
386 3088 480 3142 nuper
508 3087 575 3128 cum
603 3086 707 3127 museo
734 3068 853 3128 baronis
880 3071 1005 3127 lleester
1034 3073 1071 3128 de
1100 3073 1253 3129 liaveetein
1281 3073 1436 3130 donatione

93 3174 205 3228 venitin
220 3174 560 3230 museumlirniellense
583 3191 615 3246 q.
632 3190 661 3230 v,
680 3175 764 3230 Porte
786 3174 821 3230 de
835 3173 893 3230 nat
919 3165 977 3250 (ed.
997 3175 1121 3230 lleester
1135 3175 1171 3230 de
1188 3176 1257 3232 liav.
1277 3175 1365 3232 Catal.
1384 3176 1432 3242 ill,

96 3278 178 3343 itti,
203 3291 233 3346 p.
255 3271 344 3352 386);
371 3284 508 3349 ectypum
530 3279 659 3334 nancisci
681 3292 740 3333 non
762 3278 859 3349 potui,
890 3275 996 3333 trustra
1019 3276 1218 3334 intercedente
1239 3279 1303 3350 ipso
1326 3277 1435 3334 barone

93 3375 126 3431 de
146 3377 309 3436 Ravestein.
335 3380 568 3437 -Notandum
590 3384 687 3436 autem
711 3385 754 3436 est
777 3381 916 3436 munitam
939 3395 1004 3434 esse
1027 3381 1058 3435 di
1076 3387 1165 3454 ponte
1187 3381 1218 3436 di
1238 3381 1333 3454 [eiam
1362 3381 1436 3436 tales

93 3479 203 3548 glandes
230 3480 404 3553 possidebat
430 3483 472 3538 lte
502 3482 613 3538 llinicis
642 3487 715 3538 teste
744 3485 807 3554 ipso
837 3497 867 3553 p.
896 3485 975 3548 256,
1009 3479 1129 3536 donatas
1157 3478 1212 3536 sibi
1241 3498 1257 3536 a
1289 3479 1435 3538 ludovico

93 3581 152 3636 zeli
173 3583 327 3640 laoobnzzi
351 3583 539 3652 viterbiensi,
574 3584 742 3654 dequibus
771 3583 880 3640 dietum
911 3598 975 3639 esse
1005 3583 1086 3639 addit
1109 3581 1275 3654 Oniotopio,
1305 3585 1437 3654 plorante

94 3683 120 3738 dt
140 3684 255 3759 Percote
277 3705 319 3744 m.
336 3687 422 3743 Febr.
447 3689 526 3744 6636
550 3704 581 3758 p.
603 3691 674 3754 663,
701 3703 730 3758 q.
750 3703 780 3743 n.
801 3703 830 3742 v.
885 3684 922 3741 Aa
944 3685 981 3742 de
1003 3685 1106 3741 barum
1129 3701 1248 3756 quoque
1271 3686 1435 3742 sinceritate

93 3801 146 3842 non
160 3795 280 3846 constat.

94 3997 132 4065 23
146 4001 196 4084 [=
210 4011 299 4083 Corp.
316 4011 359 4067 1x
374 4027 404 4066 n.
421 4014 513 4076 6686,
528 4003 611 4084 aaut]
653 4015 663 4066 t
691 4024 755 4079 rep.
774 4011 804 4065 in
820 4009 979 4066 Castelleno
1006 4002 1046 4083 [in
1066 4023 1168 4065 museo
1179 4006 1277 4064 Ascul.
1298 3999 1434 4084 recalet

172 4130 201 4170 n.
222 4109 312 4190 886].
339 4113 449 4169 Pendet
473 4117 510 4170 95
535 4128 580 4184 gr.
628 4110 798 4185 Robiginem
820 4111 909 4168 habet
931 4111 1124 4182 ferrugineam
1146 4110 1276 4166 nitidam.

135 4219 148 4270 Ξ
170 4215 251 4288 haud
270 4214 365 4273 dubie
379 4231 472 4288 prope
487 4215 624 4272 Asculum
640 4231 704 4286 rep.
727 4209 768 4291 [in
783 4229 858 4271 mue.
876 4213 976 4271 Ascul.
995 4231 1022 4268 a.
1045 4216 1125 4270 6876
1142 4229 1172 4269 n.
1196 4206 1301 4287 6636].
1328 4212 1436 4268 Pendet

175 4324 210 4376 83
234 4337 284 4391 gr.

135 4423 262 4494 tprope
295 4420 436 4478 Asculum
462 4436 526 4491 rep.
558 4420 675 4478 videtur
706 4413 814 4496 [Asculi
843 4419 920 4492 apud
957 4419 1158 4475 Venturinium
1191 4419 1340 4475 aurificem
1376 4417 1435 4472 vidi

172 4541 198 4579 a.
228 4517 339 4600 l877].

137 4627 150 4680 i
176 4620 214 4702 [in
228 4643 334 4684 museo
350 4625 540 4697 Neapolitano
555 4641 585 4682 n.
601 4629 680 4684 6726
697 4627 772 4682 inter
788 4624 1011 4696 Santangelanas
1026 4639 1056 4680 n.
1068 4617 1111 4699 ²]-
1145 4623 1253 4679 Pendet
1271 4628 1320 4690 89,
1334 4627 1371 4679 75
1389 4639 1432 4693 gr.

173 4730 315 4803 Robigine
338 4728 413 4786 llava
436 4728 592 4784 incrustata
615 4735 670 4784 666.

135 4835 150 4888 6
175 4825 214 4908 [in
235 4847 340 4890 museo
363 4831 553 4888 liiroheriano
576 4847 606 4887 n.
634 4823 720 4906 26η.

137 4939 163 4990 6.
182 4939 198 4992 7
224 4931 345 5012 [Romae
368 4932 447 5007 apud
470 4933 502 4989 L.
519 4927 689 5010 Depolctti].
728 4934 771 4990 Lo
791 4933 889 5006 forma
910 4931 1087 4989 romboidole
1110 4933 1274 4987 acuminato
1296 4937 1340 4987 est
1362 4937 1435 4986 teste

174 5051 373 5100 nouissimo„

214 5161 274 5217 liae
297 5169 406 5217 omnes
425 5127 517 5214 torma
540 5163 608 5212 sunt
628 5151 798 5227 hexagonali
821 5160 852 5211 ut
875 5173 905 5212 n.
932 5160 983 5214 22.
