3466 5926
566 579 612 628 66
629 578 797 638 onerosus
815 579 972 630 6666666.
1423 569 1445 639 9

85 767 223 850 1666161),
259 773 294 830 Ρ.
315 767 485 851 Ventidio²)
520 774 558 832 ad
582 776 759 832 Falci-ionem
786 783 915 833 montem
944 775 982 832 ab
1012 778 1105 847 iisque
1134 775 1303 848 compulsus
1331 777 1445 834 16116-

85 893 163 934 mum
185 877 342 936 coloniam
362 871 510 953 (Latinam)
531 878 667 934 Romanis
686 877 770 936 iidarn
786 894 819 934 se
842 879 953 950 recepit
973 872 1058 954 [App.
1081 883 1108 948 1,
1129 872 1194 955 tr),
1213 877 1265 936 ubi
1282 897 1299 936 a
1315 881 1446 936 Latreuio

85 980 223 1038 obsessus
247 988 306 1036 est.
352 980 419 1037 hiox
440 985 597 1052 postquam
618 981 691 1037 alter
712 983 857 1038 exercitus
879 981 909 1037 iu
931 981 1069 1038 auxilium
1091 979 1218 1050 advenit,
1245 983 1447 1052 166661861-

84 1085 176 1154 picius
198 1091 260 1140 tam
284 1101 303 1139 6
319 1084 418 1141 166616
433 1099 522 1156 qnam
537 1084 575 1140 ab
591 1089 671 1156 tergo
694 1084 788 1141 adorti
802 1084 936 1141 Picentes
953 1087 1033 1154 gravi
1050 1085 1161 1154 proelio
1176 1085 1313 1142 16666661
1328 1089 1447 1144 castrie-

85 1203 142 1258 que
164 1202 271 1244 eorum
296 1187 430 1244 incensis
452 1193 482 1244 et
504 1187 636 1244 Lairenio
658 1191 688 1243 in
709 1189 772 1244 acie
795 1189 893 1245 occiso
917 1187 1093 1254 effecerunt,
1119 1193 1152 1243 ut
1174 1187 1214 1244 1111
1236 1189 1300 1244 6166
1326 1188 1406 1246 duee
1429 1206 1446 1246 6

84 1289 186 1347 ordine
201 1289 366 1358 Asculum,
391 1291 615 1346 munitissimum
626 1283 647 1364 8)
667 1289 817 1362 oppidum,
842 1285 1076 1362 coaugmenti).
1117 1290 1237 1362 Propter
1251 1305 1339 1361 quam
1355 1293 1448 1350 vieto·

85 1395 157 1450 riam
178 1393 295 1450 Romae
320 1394 419 1450 luctus
440 1391 541 1450 habitu
564 1392 695 1463 deposito
717 1396 885 1464 praetextae
908 1399 937 1449 et
958 1397 1055 1449 cetera
1085 1393 1303 1464 magistratuum
1326 1395 1446 1466 iusignia

85 1503 202 1568 sumpta
225 1493 352 1573 66615).
387 1498 443 1553 Diu
464 1496 605 1566 deinceps
620 1497 783 1566 Pompeius,
809 1497 924 1554 interim
947 1497 1049 1553 consul
1072 1497 1165 1553 166166
1187 1513 1215 1552 6.
1236 1501 1307 1568 666,
1334 1497 1448 1554 obsedit

86 1593 282 1676 Asculum⁸);
321 1601 361 1656 do
388 1602 472 1656 cuius
503 1598 662 1658 obsidionis
690 1598 940 1657 vicissitudinibus
968 1599 1041 1656 nihii
1063 1599 1125 1656 iere
1147 1599 1284 1656 traditum
1305 1599 1448 1657 habemus

87 1705 141 1758 nisi
164 1703 249 1774 quod
273 1703 434 1760 Frontinus
456 1707 587 1772 strata,
617 1707 665 1774 ti,
686 1709 702 1760 6
724 1701 883 1760 Asculanos
906 1703 1089 1772 eruptionem
1111 1717 1253 1758 successu
1274 1703 1311 1758 ad
1334 1709 1448 1775 tempus

88 1807 164 1863 ieiioi
190 1807 307 1862 iecisse
336 1813 488 1863 memorat.
534 1807 668 1878 Denique
697 1807 874 1877 expugnavit
902 1805 1003 1862 consui
1033 1805 1173 1875 oppidum
1201 1804 1309 1877 duplici
1338 1806 1448 1878 proelio

88 1908 178 1966 altero
201 1910 312 1965 6166616
340 1901 414 1985 (per.
434 1913 473 1966 'lt
497 1903 604 1984 mod),
631 1909 721 1966 altero
743 1905 909 1966 Picentibus
931 1907 1035 1965 eadem
1057 1908 1105 1964 die
1126 1901 1220 1982 (Oros.
1240 1899 1257 1984 §
1275 1907 1325 1980 tt)
1350 1911 1444 1978 victis,

89 2028 146 2082 qua
161 2011 210 2068 die
227 2015 311 2069 circa
327 2011 466 2069 66661666
487 2013 617 2084 quinque
636 2017 665 2068 et
679 2014 861 2084 septuaginta
882 2011 961 2068 milia
977 2012 1084 2068 civium
1099 2012 1305 2080 Romanorum,
1324 2013 1449 2083 amplius

89 2116 238 2186 sexaginta
263 2115 346 2172 milia
368 2115 504 2172 ltaiorum
527 2113 720 2172 conflixerunt
747 2107 878 2188 (116111,
899 2106 965 2190 tt).
1013 2112 1054 2171 66
1076 2115 1236 2172 liarsorum
1258 2114 1379 2186 quidem
1401 2115 1449 2172 ilio

90 2219 202 2289 proelio
217 2204 326 2276 ‘xviii
348 2219 426 2275 milia
448 2233 516 2275 eum
532 2219 642 2276 Franco
662 2211 715 2294 (sio
731 2210 858 2294 6661666)
880 2219 1054 2290 imperatore
1076 2233 1130 2275 suo
1154 2233 1239 2275 caesa
1262 2225 1339 2288 6661,
1366 2224 1448 2290 capta

90 2323 264 2390 1616661116;
293 2327 432 2392 quattuor
453 2321 530 2378 milia
552 2327 650 2378 autem
665 2321 755 2378 italici
777 2321 833 2377 riri
856 2337 891 2377 ex
914 2337 948 2377 66
970 2320 1062 2378 66666
1084 2321 1198 2394 profugi
1221 2325 1321 2394 iugum
1343 2323 1449 2379 montis

92 2425 340 2494 conscenderant,
364 2424 417 2484 ubi
444 2427 579 2498 oppressi
605 2426 818 2497 exanimatique
844 2423 960 2482 nivibus
982 2423 1140 2481 miserabili
1170 2431 1263 2482 morte
1289 2409 1450 2497 rigueruut’

98 2521 193 2602 [Oros.
219 2520 239 2605 ξ
268 2534 306 2586 16
330 2521 405 2604 sm).
454 2528 521 2586 Post
543 2528 703 2584 Picentium
734 2527 847 2584 cladem
876 2527 935 2583 dux
957 2542 1059 2585 eorum
1082 2526 1254 2596 Vidacilius,
1287 2527 1449 2584 Asculanos

93 2646 218 2701 genere,
254 2618 433 2689 ‘convocatis
461 2631 644 2703 principibus
672 2632 733 2687 suis
763 2637 830 2700 post
858 2630 1026 2701 magnificas
1050 2629 1151 2701 epulas
1177 2630 1316 2702 largaque
1346 2631 1449 2700 poeula

96 2740 217 2792 cunctos
248 2734 288 2790 ad
319 2733 487 2806 exemplum
514 2735 560 2791 sui
587 2749 752 2806 provocans
774 2733 877 2790 hausto
899 2749 1014 2791 veneno
1043 2733 1216 2804 absumptus
1244 2741 1302 2802 est,
1337 2735 1450 2792 cunctis

95 2837 202 2894 iactum
219 2840 286 2894 eius
301 2837 488 2894 laudantibus
510 2837 561 2893 sed
581 2839 697 2893 nemine
720 2821 932 2908 subsequents'
950 2829 1044 2912 (Oros.
1063 2827 1080 2912 ξ
1099 2838 1149 2904 tr,
1176 2837 1214 2894 61.
1233 2836 1309 2908 666.
1331 2842 1359 2905 1,
1381 2829 1446 2910 18).

97 2925 262 3012 ‘Pompeius
273 2939 414 2998 Asculum
428 2941 576 3012 ingressus
591 2939 765 3010 praefectos,
785 2941 970 2996 centuriones
986 2945 1168 3012 cunctosque
1183 2942 1330 3013 principes
1347 2955 1448 2996 eorum

97 3046 185 3114 virgis
208 3044 317 3102 cecidit
339 3045 497 3115 securique
519 3044 673 3114 percussit,
700 3057 803 3100 servos
822 3042 1020 3113 praedamque
1039 3057 1156 3099 omnem
1178 3043 1233 3100 suh
1249 3042 1331 3099 hasta
1347 3042 1450 3099 vendi-

99 3145 148 3214 dit,
166 3147 299 3218 reiiquos
314 3146 424 3204 liberos
440 3145 559 3218 quidem
581 3146 632 3201 sed
655 3145 749 3202 nudos
772 3151 801 3202 61
823 3151 942 3216 egentes
964 3143 1045 3202 abire
1067 3132 1228 3218 praecepit³
1246 3140 1340 3222 (Oros.
1360 3137 1378 3222 ξ
1395 3150 1445 3212 tm

99 3248 135 3303 ci.
160 3265 226 3320 per.
247 3243 475 3324 16)-11666
499 3248 610 3305 66611
633 3247 691 3304 hai.
710 3248 771 3303 iau.
789 3247 943 3319 Pompeius
966 3248 1068 3304 consul
1090 3262 1129 3303 os
1143 3261 1328 3304 ascvmurrs
1344 3261 1450 3305 roceo-

99 3363 184 3407 rruvs
207 3351 399 3422 triumphavit
418 3343 498 3427 (11616
517 3350 655 3422 triumph.
674 3349 761 3422 Corp.
779 3351 791 3406 1
807 3366 837 3420 p.
859 3342 944 3426 166),
971 3352 1001 3406 16
1019 3365 1078 3420 quo
1101 3349 1248 3422 triumpho
1271 3351 1346 3406 inter
1368 3353 1450 3406 oete-

99 3467 146 3510 ros
167 3453 200 3508 P.
219 3454 371 3511 Ventidius
393 3455 424 3509 P.
443 3455 464 3510 1.
482 3469 557 3526 puer
577 3445 664 3528 (haud
688 3452 777 3510 dubie
799 3453 830 3508 Ρ.
845 3451 970 3510 ventidii
994 3453 1137 3523 praetoris
1159 3453 1249 3509 italici
1272 3445 1356 3528 filius)
1384 3458 1450 3508 6616

102 3571 218 3613 currum
240 3559 425 3629 imperatoris
447 3559 513 3613 sinu
535 3558 634 3612 matris
656 3561 759 3612 vectus
782 3563 826 3613 est
852 3550 1008 3631 (1161116,
1031 3559 1065 3624 1;
1097 3556 1166 3612 Plin.
1194 3571 1223 3612 n.
1243 3554 1273 3612 h.
1294 3557 1311 3612 't
1335 3547 1353 3630 ξ
1372 3559 1444 3622 136;

102 3656 304 3727 16161666,
325 3665 354 3729 9,
376 3653 420 3734 9),
447 3665 546 3731 postea
567 3653 604 3734 (a.
625 3652 696 3734 716)
724 3660 788 3730 ipse
810 3656 1040 3730 triumphaturus
1063 3657 1100 3714 de
1116 3657 1238 3714 Parthis.
1265 3685 1304 3698 —
1328 3657 1450 3729 Captum

103 3761 187 3831 igitur
208 3762 351 3834 oppidum
373 3769 419 3818 est
440 3761 496 3818 sub
519 3761 606 3818 finem
629 3762 697 3817 anni
721 3764 780 3818 666
804 3759 901 3818 hieme
923 3763 980 3817 iam
1004 3763 1171 3832 ingruente,
1202 3759 1331 3817 obsideri
1353 3765 1450 3816 autom

104 3861 216 3922 ridetur
239 3871 376 3935 coeptum
406 3879 471 3920 esse
494 3866 551 3918 iam
573 3878 649 3920 6666
674 3866 746 3920 eor.

185 3967 230 4022 Ex
250 3966 308 4022 hac
330 3965 465 4022 diuturna
481 3963 579 4022 Asculi
602 3964 739 4022 obidioue
761 3969 933 4036 superstites
955 3971 1023 4022 sunt
1045 3965 1175 4038 glandes,
1202 3981 1326 4037 quarum
1348 3967 1449 4036 ingens

106 4082 241 4126 numerus
269 4067 311 4124 ibi
338 4074 472 4140 repertus
499 4073 543 4124 est
568 4069 783 4139 reperiturque.
831 4069 942 4126 Paucae
965 4074 1116 4142 praeterea
1139 4073 1216 4136 sunt,
1243 4083 1320 4140 quae
1344 4070 1372 4123 16
1394 4083 1450 4125 66-

107 4172 187 4226 minis
216 4173 320 4228 incerti
348 4170 457 4242 oppido
487 4170 661 4239 castellove,
686 4169 738 4227 ubi
760 4185 839 4228 nuuc
863 4171 1013 4245 Corropoti
1037 4172 1123 4228 situm
1146 4176 1208 4240 est,
1234 4176 1284 4227 661
1313 4171 1341 4226 16
1363 4171 1450 4226 Firmi

108 4272 255 4334 obsidione
277 4273 326 4330 1116
347 4272 494 4330 adhibitae
517 4289 582 4329 esse
604 4273 769 4331 videantur.
810 4275 996 4330 characteres
1010 4275 1232 4344 inscriptionum
1246 4272 1317 4330 belli
1336 4273 1450 4330 socialis

107 4379 227 4448 tempori
249 4377 366 4434 omnino
389 4378 566 4434 conveniunt
588 4391 685 4448 neque
707 4377 737 4432 in
759 4391 859 4432 earum
881 4382 1051 4448 argumento
1068 4378 1226 4448 quicquam
1249 4380 1352 4443 exstat,
1370 4376 1448 4449 quod

108 4477 141 4535 ab
162 4497 197 4538 eo
221 4479 386 4549 abhorreat,
413 4482 502 4537 immo
524 4477 668 4551 quaedam
689 4478 764 4536 hanc
787 4479 926 4552 originem
950 4479 1027 4536 61666
1049 4479 1231 4550 6666166166.

187 4583 389 4654 interpretatio
418 4597 478 4638 nou
506 4597 666 4653 paucarum
695 4584 804 4640 incerta
836 4588 897 4650 est,
923 4587 954 4638 ut
982 4585 1079 4637 tamen
1101 4585 1238 4652 quattuor
1259 4580 1320 4636 iere
1341 4594 1448 4651 genera

110 4689 222 4754 agnosci
243 4688 356 4756 possint
376 4685 461 4742 haec.
509 4685 642 4756 Inscripti
664 4691 731 4741 sunt

122 4809 308 4818 --ffl

171 4889 196 4937 1.
219 4887 241 4946 1)
262 4885 307 4937 Sic
325 4886 438 4936 omniuo
456 4885 643 4936 scribendum.
680 4885 718 4934 De
738 4881 860 4934 belrenio
878 4883 941 4934 vide
959 4882 995 4934 ad
1014 4896 1040 4934 6.
1056 4887 1086 4946 6,
1110 4883 1144 4934 de
1162 4881 1286 4933 Ventidio
1307 4881 1429 4933 interius.

171 4971 536 5037 6)6166666,1,16.111
560 4973 620 5024 Cae.

171 5059 196 5116 1)
218 5059 286 5123 App.
302 5062 326 5118 1,
343 5060 389 5120 tm
412 5057 489 5108 Oros.
505 5061 530 5118 6,
546 5061 577 5107 18
595 5055 664 5122 pti,
685 5055 741 5105 Liv.
762 5067 820 5121 per.
836 5057 868 5104 11
887 5057 975 5121 prino.

172 5147 196 5207 6)
217 5144 272 5194 Lir.
287 5157 347 5209 per.
362 5146 390 5194 et
401 5144 476 5194 Oros.
491 5142 531 5203 il.;
552 5141 709 5202 61116111,
725 5144 768 5202 16,
784 5143 807 5200 1,
821 5154 880 5206 per.
893 5145 936 5202 tt,
956 5141 1033 5194 Oros.
1048 5137 1114 5205 116.
1144 5139 1256 5190 Orosius
1267 5144 1364 5190 6661666
1375 5150 1448 5189 1666-

111 5233 173 5279 ron's
190 5243 222 5280 ex
240 5231 317 5281 livio
336 5229 410 5280 haud
428 5228 511 5281 dubie
530 5228 701 5290 memoravit,
720 5227 769 5278 sed
787 5228 887 5278 erravit
904 5240 937 5279 eo
956 5225 1030 5291 quod
1049 5239 1113 5278 cum
1131 5227 1203 5289 sagis
1220 5223 1351 5275 contudit.

172 5317 196 5378 6)
217 5317 294 5368 Oros.
309 5314 323 5381 1
336 5319 385 5378 11;
406 5317 475 5382 App.
491 5319 516 5376 1,
532 5315 563 5365 16
575 5317 644 5365 extr.
