3392 5928
430 1851 964 1992 ADDITAMIINTA

372 2124 455 2207 AD
486 2123 744 2209 CORPORIS
773 2122 892 2208 VOL.
914 2121 1017 2206 VIII.

488 2664 650 2749 PARS
689 2663 906 2748 PRIMA.
991 2647 1001 2658 ‘

378 2869 650 2949 enormen
678 2868 1023 2947 norronrnnl.

553 3099 631 3159 vla.
673 3098 730 3158 Ην.
753 3099 839 3160 Zr'on.

74 3276 152 3339 Haeo
176 3278 289 3339 rudera
319 3277 380 3336 sito
406 3283 478 3335 sunt
502 3275 580 3336 inter
605 3274 698 3350 Djorl
719 3275 759 3334 bn
786 3273 892 3335 Ghetrs
918 3281 947 3333 et
972 3272 1074 3334 Zereis
1103 3271 1269 3334 Sohlliom.
1297 3273 1366 3334 hine

42 3379 178 3440 dIslentia.

41 3535 97 3594 lin
119 3538 295 3616 fragmentis
317 3537 450 3614 quinque
472 3536 542 3596 eltis
562 3556 600 3596 m.
617 3537 700 3608 0,50‚
722 3536 792 3596 lotis
814 3554 834 3593 a
855 3535 938 3610 0‚Id,
960 3533 976 3592 b
998 3533 1080 3606 0,75,
1102 3551 1117 3592 o
1138 3532 1220 3608 0,72‚
1243 3535 1264 3592 d
1284 3533 1366 3608 ost,

76 3640 187 3714 ross,
208 3641 269 3699 litt.
292 3637 505 3712 0‚10-0,12;
527 3657 590 3716 rep.
614 3638 688 3698 Zian
711 3639 741 3697 in
764 3638 823 3696 sori
845 3637 957 3716 angulo
979 3635 1177 3696 meridionali.

329 3833 349 3872 a
709 3812 725 3870 d
966 3829 982 3870 o
1186 3811 1206 3868 d

95 3932 1365 4003 nemnocnrsnnr·aw.aemnrrrco·1rsrrre·r0T·c0sn·1nr·ffl..n

134 4069 153 4108 q.
174 4053 462 4098 matellis-closum
482 4063 525 4096 coe.
547 4065 578 4095 xe
599 4035 850 4096 arnse-remus
889 4049 969 4092 rro
1010 4048 1091 4094 cos

575 4227 822 4271 nsolcnvrr

43 4501 155 4566 Contuli
180 4515 317 4584 ectypum
344 4505 616 4584 heliogrnphicum,
643 4504 723 4582 quod
745 4504 867 4564 editioni
889 4523 961 4564 suae
983 4503 1160 4564 addiderunt
1181 4503 1316 4562 Reinaoh
1338 4513 1368 4562 et

44 4607 168 4668 Babelon
192 4607 265 4668 tell.
287 4609 324 4668 du
346 4609 444 4670 conrite'
464 4627 491 4666 a.
510 4605 589 4666 1886
612 4627 642 4685 p.
659 4607 698 4666 59
722 4607 759 4666 ol.
782 4608 841 4666 tab.
857 4607 898 4665 X.

83 4713 94 4768 l
119 4719 190 4787 post
215 4725 331 4772 nnrco·
353 4711 472 4787 dispexi
499 4711 530 4769 in
552 4717 660 4787 ectypo
682 4709 806 4769 armetis
829 4709 926 4768 oeulis
947 4709 1089 4786 reliquias
1111 4709 1278 4768 litterarum
1302 4725 1317 4766 r
1340 4717 1370 4766 et

45 4829 79 4882 n3
103 4813 169 4872 trib.
192 4811 319 4872 fortasse
344 4813 386 4872 ite
412 4813 556 4889 sorIptum
583 4810 639 4868 fuit
661 4809 735 4884 Tlos,
763 4821 795 4870 ut
819 4811 897 4870 inter
917 4810 1085 4890 fragmenta
1104 4815 1120 4872 b
1139 4821 1169 4872 et
1190 4832 1205 4871 o
1225 4814 1257 4872 in
1279 4828 1369 4870 versu

45 4913 131 4974 altero
153 4922 238 4974 certo
258 4915 327 4974 nihil
347 4914 531 4975 iuterelderit
551 4925 670 4992 praeter
692 4933 782 4972 onom
803 4913 933 4974 litteram
956 4935 979 4975 s.
1004 4950 1042 4960 -
1066 4913 1103 4990 Q.
1119 4915 1250 4975 Marcius
1268 4913 1368 4972 Boreo

45 5019 143 5076 oonsul
164 5016 316 5089 suffectos,
337 5024 370 5076 ut
390 5016 515 5091 videtur,
538 5034 564 5074 e
583 5015 631 5088 18,
654 5015 816 5093 proconsul
831 5017 954 5076 A‘Iriooe
976 5037 1002 5076 a.
1016 5016 1067 5090 42,
1087 5017 1147 5076 iam
1169 5017 1324 5095 prodierat
1338 5016 1369 5072 in

46 5118 125 5177 titulo
151 5117 285 5178 cirtensi
308 5139 337 5177 n.
358 5119 437 5180 6987
465 5119 503 5177 eb
530 5117 695 5178 editoribus
722 5138 761 5179 ex
789 5118 905 5178 duobus
932 5119 1107 5198 fragmentis
1134 5141 1172 5180 ex
1198 5119 1370 5178 coniectura

48 5226 210 5279 coniuncto.
250 5217 340 5280 Filius
355 5221 419 5281 eius
435 5221 553 5280 videtur
567 5220 672 5294 fuisse,
694 5229 727 5280 ut
741 5223 855 5281 monuit
868 5222 1049 5298 Dessovius,
1072 5221 1109 5298 Q.
1128 5221 1256 5280 Marcios
1273 5219 1371 5279 Borea

52 5317 122 5381 Suro
141 5321 225 5381 tituli
249 5322 345 5383 erboni
366 5323 479 5384 Notizie
499 5323 577 5402 deqli
597 5325 677 5384 soavi
700 5324 780 5385 1880
802 5343 831 5402 p.
851 5324 920 5385 133.

127 5423 187 5484 Vll
1130 5430 1144 5488 l
