3374 5930
323 593 396 672 438
896 619 1076 675 nonusaa

322 801 439 855 statuas
465 815 578 874 ponere
605 797 705 857 iussit.
759 797 867 875 Itaque
894 797 975 875 quod
1001 797 1122 858 aliunde
1149 805 1275 876 apparet
1300 795 1367 856 vico
1398 797 1445 856 ius
1474 794 1638 855 decernendi

323 917 382 958 non
404 899 508 971 luisse,
530 899 560 957 id
582 901 729 960 eiusmodi
751 901 987 960 dedicationibus
1008 919 1068 960 non
1089 901 1271 977 infringitur.

403 1003 542 1061 Aetatem
570 1005 724 1062 titulorum
751 1009 832 1062 certo
858 1003 1055 1063 determinare
1082 1023 1143 1062 non
1168 1003 1263 1082 potui.
1314 1001 1470 1062 Tiberium
1492 999 1639 1060 Claudium

321 1095 536 1177 Mithridatem,
562 1123 650 1181 quem
673 1106 845 1184 significant
865 1115 1035 1165 nostrorum
1057 1107 1161 1165 horum
1184 1118 1301 1183 patrem
1329 1123 1478 1181 avumque
1503 1103 1594 1162 luisse
1616 1115 1639 1162 et

325 1205 364 1264 ad
393 1222 480 1282 quem
507 1207 700 1284 probabiliter
727 1208 852 1268 refertur
879 1209 982 1268 titulus
1008 1207 1118 1268 dudum
1145 1217 1234 1270 notus
1264 1203 1315 1284 (G.
1330 1207 1356 1266 1.
1375 1205 1432 1267 Gr.
1460 1205 1555 1283 3860)
1580 1207 1639 1264 item

323 1309 511 1388 Apamenus:

470 1409 505 1468 ‘O
528 1406 616 1483 δῆμος
637 1411 653 1472 o‘
672 1409 910 1472 Ἀπολλωνιατῶν
932 1416 986 1474 τῶν
1008 1407 1065 1472 dul
1079 1403 1237 1472 Ῥυνδιίιεου
1252 1411 1396 1484 iacebam
1410 1403 1542 1494 Τιβίριον
1554 1403 1638 1470 11λαῦ-

475 1509 532 1572 διον
546 1507 680 1598 Τιβερίου
703 1509 761 1574 υἱδν
775 1509 895 1598 Κυρείνα
910 1507 1092 1596 Μιθριδάτην
1115 1507 1252 1601 ἇρχιερία
1273 1518 1325 1587 τιῖς
1342 1507 1458 1583 Ἀσίας,
1479 1509 1528 1574 τδν
1545 1514 1639 1572 ἑαυτιῖν

473 1609 636 1700 προστιίτην
657 1609 705 1677 acl
727 1613 874 1702 ειίεργίτην
897 1612 948 1678 διοί
967 1643 998 1677 τε
1019 1615 1069 1689 τὴν
1091 1617 1121 1676 ἔκ
1142 1609 1238 1696 λίγων
1259 1607 1308 1676 καί
1331 1603 1402 1690 ἤθει
1424 1607 1584 1700 ἆρετιὲνοιοί
1597 1611 1639 1674 del

470 1713 519 1791 τήν
541 1716 610 1804 πρδς
632 1717 717 1780 alell
739 1708 862 1780 salvarat·
885 1715 935 1792 τὴν
956 1711 1115 1790 ίπιμίλειαν
1135 1713 1325 1794 ποιησαμίνου
1344 1721 1395 1792 τῆς
1415 1723 1468 1778 τοι]
1486 1711 1637 1803 ἅνδριιίπῠς

471 1815 661 1886 ιίναττιίσεως
684 1815 806 1888 Ξίνωνος
825 1816 1016 1884 Ἀπολλωνίου
1039 1817 1140 1908 ἇνδρδς
1162 1815 1314 1906 κρατίστου
1336 1823 1392 1878 τοῖν
1414 1825 1546 1880 πολειτιῖν

322 1925 472 1984 civitatem
483 1925 650 1986 Romanam
672 1928 815 1986 habuisse
837 1947 895 1986 non
918 1935 986 1986 ante
1007 1928 1216 2004 imperatorem
1233 1923 1394 1985 Claudium
1415 1925 1570 2002 probabile
1589 1935 1636 1984 est

316 2027 422 2103 ltaque
443 2029 474 2087 hi
496 2029 532 2087 de
554 2031 662 2105 quibus
688 2032 804 2107 agimus
830 2031 882 2088 vix
908 2029 997 2088 scribi
1026 2039 1184 2107 potueruut
1212 2037 1281 2088 ante
1307 2029 1395 2087 tinem
1422 2027 1536 2086 saeculi
1561 2027 1636 2104 pn'mi

317 2149 403 2188 aerae
430 2141 566 2202 nostrae,
598 2143 728 2210 possunt
755 2143 835 2192 recte
863 2131 966 2192 reterri
995 2131 1033 2191 ad
1062 2131 1213 2192 saeculnm
1242 2131 1420 2205 seeundum,
1450 2150 1519 2189 cum
1546 2129 1635 2188 laudes

317 2234 490 2292 contineant
512 2233 653 2294 verbosas
677 2242 706 2293 et
727 2235 864 2296 diffusas.

398 2331 434 2392 Ἡ
455 2326 590 2418 deripuere
612 2347 774 2398 conventus
798 2349 852 2412 est,
876 2347 908 2398 ut
929 2337 1009 2414 apud
1031 2335 1209 2398 Strabonem
1234 2335 1287 2408 13,
1310 2337 1344 2410 4,
1369 2339 1403 2395 ll
1430 2357 1462 2414 p.
1479 2335 1554 2396 629:
1577 2327 1633 2394 rede

314 2429 469 2506 Ῥωμαίους
489 2431 526 2508 μὴ
548 2433 625 2496 οιατοί
649 2441 732 2514 φῦλα
755 2435 854 2498 διελεῖν
875 2431 992 2508 αὖτοιίς,
1017 2435 1089 2524 ἄλλ’
1111 2427 1200 2520 ἕτερον
1221 2428 1323 2522 τρίπον
1345 2429 1488 2518 διατοίξαι
1509 2431 1560 2500 τὰς
1579 2431 1633 2494 διοι-

314 2531 423 2610 κιίαιις,
448 2537 476 2597 ἐν
499 2528 543 2602 αἷς
563 2534 618 2604 τοὶς
639 2535 780 2624 ἀγοραίας
801 2544 943 2602 ποιοῦνται
965 2531 1012 2601 καί
1035 2537 1088 2604 reio
1109 2535 1304 2604 δικαιοδοσίας
1324 2551 1355 2600 et
1375 2543 1408 2600 in
1430 2542 1505 2602 actis
1527 2555 1633 2618 aposto·

314 2643 411 2704 lorum
437 2644 484 2716 19,
508 2643 561 2702 38ι
584 2635 713 2727 α’γίραιοι
736 2631 857 2720 ἆγονται
879 2635 926 2703 καί
944 2636 1188 2712 ἀνθίαατοίείσι,
1210 2644 1374 2722 scribitque
1389 2644 1553 2723 proconsul
1566 2641 1632 2719 apud

315 2746 477 2823 Iosepbum
499 2755 560 2806 ant.
586 2747 637 2818 14,
663 2747 714 2820 10,
738 2747 791 2806 21:
821 2738 960 2830 Πρύτανις
980 2793 988 2808 ,
1005 2790 1035 2806 ..
1058 2736 1228 2828 προσελθων
1248 2769 1294 2814 μοι
1315 2743 1343 2802 ἓν
1364 2737 1526 2830 Τριίλλατιν
1547 2732 1630 2824 clyster

314 2843 364 2916 τὴν
386 2839 531 2930 οἱγίροιιον.
572 2847 745 2908 Conventus
768 2859 901 2928 tempore
921 2861 1049 2928 quantus
1070 2849 1222 2908 bominum
1241 2867 1382 2908 numerus
1402 2853 1556 2928 Apameae
1574 2867 1629 2908 con·
1678 2927 1679 2936 ἶ

314 2951 448 3024 tinxerit,
471 2951 581 3009 vividis
604 2953 754 3012 coloribus
777 2953 966 3012 adumbravit
988 2953 1048 3014 Dio
1070 2951 1304 3030 chrysostomus
1326 2952 1356 3010 in
1383 2953 1520 3012 oratione
1542 2951 1578 3010 35
1597 2950 1629 3008 ibi

313 3053 343 3110 in
369 3054 506 3112 contione
531 3053 632 3114 habita
657 3052 690 3129 (2
717 3075 746 3133 p.
768 3054 806 3115 69
822 3055 889 3133 R.):
923 3054 952 3114 al
978 3047 1053 3114 δίιιαι
1078 3049 1147 3138 παρ’
1176 3049 1237 3114 ἔτος
1262 3039 1383 3131 ιίγονται
1410 3051 1481 3138 παρ’
1506 3052 1567 3122 ὑμῖν
1591 3041 1628 3108 καί

314 3145 473 3231 συνάγιται
499 3151 616 3226 πλῆθος
643 3149 804 3238 ἀνθρώπων
830 3144 944 3241 ιίιτιιρον
972 3147 1173 3228 δικαζομίνων,
1204 3149 1392 3227 δικαζόντων,
1419 3149 1551 3241 ῥητίροιν,
1574 3153 1627 3230 ἦγε-

312 3248 413 3326 ιιιίνων,
439 3253 587 3340 ὑπηρετῶν,
615 3257 734 3327 οἰκετῶν,
759 3263 937 3344 parapanda,
964 3253 1127 3343 ὅρεοιείμων,
1152 3249 1300 3330 καπήλων,
1327 3257 1442 3342 ἑταιρῶν
1463 3283 1493 3318 τε
1515 3253 1561 3317 καί
1579 3249 1626 3322 βα·

313 3351 437 3428 ναιίτων,
465 3353 536 3418 ν’ίττε
560 3351 598 3417 τοί
620 3385 649 3418 τε
673 3347 740 3419 ιιίνια
761 3359 828 3424 τούς
849 3357 975 3440 ἔχοντας
995 3352 1131 3432 πλείττης
1152 3354 1352 3420 destituebat
1377 3363 1459 3433 τιμῆς
1485 3351 1533 3420 καί
1558 3347 1626 3428 μηδὲν

290 3515 292 3520 .
313 3457 403 3538 ιίργδν
430 3451 498 3520 εἶναι
525 3467 575 3533 τῆς
603 3459 726 3530 πίλους,
756 3454 826 3536 μήτε
852 3459 889 3522 τοί
912 3457 1000 3541 ζειίγη
1029 3455 1099 3535 μήτε
1123 3458 1177 3526 τὰς
1202 3455 1291 3526 οἰκίας
1316 3455 1386 3534 μήτε
1412 3459 1468 3526 τὰς
1493 3466 1625 3540 γυναῖκας.
1676 3483 1677 3486 ’

311 3565 360 3623 Eo
383 3575 515 3640 tempore
539 3568 766 3643 magistratuum
789 3587 877 3626 curae
900 3577 929 3626 et
950 3568 1104 3645 impensae
1126 3567 1216 3626 simul
1238 3575 1343 3626 auome
1363 3567 1425 3626 aiot
1444 3585 1563 3628 necesse
1580 3571 1625 3622 est

401 3667 671 3744 Gymnasiarchum
701 3681 730 3727 et
756 3671 975 3746 ephobarehum
1009 3671 1114 3730 titulus
1147 3666 1227 3729 Sesti
1256 3679 1392 3748 repertus
1420 3665 1626 3744 Dittenbergeri

311 3789 339 3827 n.
358 3769 417 3827 246
445 3770 487 3827 ita
513 3771 682 3846 distinguit,
715 3783 748 3830 ut
776 3773 854 3832 hunc
887 3783 1032 3850 appareat
1059 3771 1125 3830 loco
1152 3771 1294 3831 inferiore
1319 3772 1427 3844 fuisse,
1461 3771 1542 3831 illum
1569 3787 1624 3828 cnm

310 3871 401 3930 totius
424 3873 536 3949 negotii
558 3891 659 3932 curam
674 3873 817 3934 habuisse
832 3884 894 3932 tum
916 3875 1096 3953 epheborum
1120 3893 1238 3952 quoque
1259 3866 1496 3957 (γυμνασίαρχος
1517 3859 1626 3956 αἱρεθείς
1674 3927 1675 3936 ,

308 3975 357 4043 τῆς
378 3995 409 4031 τι
430 3966 569 4055 εὐταξίας
589 3977 644 4032 τοῖν
665 3967 785 4052 ιἰρίίδων
807 3967 854 4034 καί
874 3979 927 4035 τῶν
949 3967 1013 4035 νίωι·
1034 3967 1179 4059 προνοιίθη
1201 3987 1231 4034 et
1245 3985 1316 4052 post
1330 3975 1406 4036 alia:
1429 3969 1586 4045 ι’τιμελῆδι
1600 3958 1625 4028 δὲ

307 4067 355 4132 καί
384 4077 436 4147 τῆς
465 4079 520 4134 τῶν
545 4068 666 4154 ἔφη’[δων
692 4068 739 4136 καί
768 4069 834 4136 νίων
859 4073 998 4152 παιδείας,
1027 4079 1065 4138 cl.
1088 4079 1236 4139 Arrianus
1262 4078 1336 4138 dits.
1359 4079 1459 4156 Epiel.
1484 4079 1513 4150 3,
1534 4073 1622 4150 1,19ῑ

307 4169 350 4240 τίς
372 4173 477 4241 advola
500 4211 538 4222 -
561 4181 643 4238 cives
665 4213 705 4223 —
727 4172 892 4250 caldarlam
914 4173 955 4241 τίς
977 4171 1173 4263 ἓφιὶβαρχος;
1195 4173 1237 4242 τίς
1255 4175 1481 4262 γυμνασίαρχος
1491 4181 1523 4256 3).
1559 4175 1623 4237 Con·

307 4281 427 4340 firmant
452 4281 483 4340 id
507 4281 583 4340 tituli
610 4282 662 4340 alii
694 4293 831 4361 repertus
854 4283 1025 4344 Berrhoeae
1047 4283 1242 4344 Macedoniae
1264 4281 1335 4343 0.1.
1349 4281 1404 4344 Gr.
1430 4283 1535 4360 19579
1556 4277 1624 4338 dedi·
1672 4355 1673 4358 Ἴ

310 4395 394 4444 catus
416 4369 560 4466 ἄρχοντος
581 4386 631 4440 τοῦ
646 4377 805 4460 γυμνασίου
820 4391 864 4444 Τι.
881 4378 1025 4444 Κλαυδίου
1038 4381 1206 4454 Ἰουλιανοιῖ,
1228 4377 1474 4466 ἓφηβαρχοῧντος
1487 4389 1528 4443 Τι.
1541 4389 1622 4442 ioae-
1672 4399 1673 4402 ’

310 4479 370 4542 δίου
386 4487 530 4567 Παριανοῦ
544 4494 574 4544 et
591 4486 664 4545 alter
679 4489 861 4565 Apollonide
883 4489 913 4546 in
929 4487 1026 4566 Lydia
1049 4488 1139 4564 (mus.
1153 4485 1273 4565 Smyrn.
1288 4487 1367 4548 1886
1389 4507 1421 4566 p.
1434 4489 1473 4548 65
1496 4507 1525 4546 n.
1537 4475 1620 4562 φνγ’)ι

310 4589 597 4669 στεφανηφοροῦντα
618 4579 665 4646 καί
687 4591 978 4672 γυμνασιαρχοῡντος
997 4584 1187 4649 Ἀπολλωνίου
1211 4591 1264 4648 τοῦ
1281 4579 1505 4658 Ἀπολλωνίδου,
1531 4589 1576 4646 τοι]
1596 4569 1620 4640 δὲ

306 4683 397 4747 αὐτοῦ
422 4677 469 4746 uel
497 4681 650 4766 ἀλίφοντος
675 4686 723 4748 τόν
749 4687 873 4750 ίνιαυτδν
903 4689 934 4748 εἰς
959 4694 1014 4750 των
1042 4684 1132 4760 ἰδίων,
1157 4684 1402 4776 ἔφηβαρχοῦντος
1428 4679 1618 4751 Ἀπολλωνίδου

307 4793 362 4850 τοῦ
387 4785 589 4851 Ἀπολλωνίου.
644 4795 797 4870 Apameae
824 4813 889 4852 cum
917 4795 1043 4854 eundem
1069 4795 1278 4873 magistratum
1307 4795 1461 4854 videamus
1490 4787 1619 4872 appellari

304 4895 394 4954 modo
416 4903 543 4971 utroque
564 4895 720 4968 vocabulo,
742 4895 831 4955 modo
854 4897 919 4956 solo
938 4898 1168 4973 gymnasiarchi,
1191 4897 1354 4958 verisimile
1372 4905 1419 4957 eat
1438 4915 1504 4956 eum
1522 4907 1617 4954 nnum-

305 5017 362 5075 que
385 4995 515 5055 oltioium
538 4997 627 5056 simul
653 4997 923 5072 administravisse,
954 4999 984 5058 id
1010 5001 1091 5076 quod
1118 5001 1189 5059 item
1211 5001 1349 5077 pervenit
1374 4999 1413 5059 ad
1434 4999 1539 5070 Teios,
1563 5011 1617 5054 com

304 5099 384 5176 apud
404 5115 455 5157 eos
472 5099 680 5160 Aristobulum
692 5101 912 5180 Tharsynontie
928 5101 1022 5161 filium
1037 5101 1166 5181 populus
1181 5102 1308 5162 honoret
1322 5096 1618 5185 γυμνοτιαρχήοαιιο.

305 5201 411 5276 ephebi
438 5212 467 5258 et
492 5201 615 5262 iuvenes
642 5193 945 5286 γυμνασιαρχίταντα
972 5193 1032 5279 καῇ
1059 5197 1330 5288 ἔφηβαρχιίπαντα]
1360 5203 1451 5281 ((1.1.
1470 5201 1521 5263 Gr.
1547 5195 1616 5256 3086

304 5303 342 5362 ei.
364 5301 469 5378 3085).
528 5301 637 5362 Officio
667 5323 733 5364 cum
766 5305 912 5367 sacrificia
942 5307 1160 5384 certaminaque
1192 5307 1287 5368 muita
1317 5305 1616 5388 comprehenderentur
