3466 5926
284 581 311 627 x
855 573 1054 622 PRAEFATIO.

285 745 415 806 materia
449 744 575 804 collecta
613 743 736 824 digesta
766 743 938 804 diiudicata
972 761 1066 822 quam
1102 745 1203 805 iustus
1237 747 1481 807 commentarius
1511 767 1632 828 propo-

285 846 390 909 nenda
413 855 515 909 erant.
910 934 913 940 Ι

371 950 401 1013 2.
428 949 472 1010 De
496 947 611 1011 fundae
642 945 870 1028 glaudiumque
900 967 961 1010 usu
988 949 1065 1010 satis
1095 949 1156 1010 iarn
1184 960 1364 1012 enarratum
1396 961 1445 1012 est
1475 950 1516 1012 ab
1545 952 1631 1032 aliis,

285 1053 471 1133 praesertim
500 1071 518 1113 a
548 1053 631 1113 lusto
654 1051 758 1132 Lipsio
791 1052 1011 1113 Poliorceticon
1042 1051 1123 1113 libro
1146 1053 1199 1132 lli,
1238 1053 1368 1134 Delfica,
1404 1055 1546 1134 llinicio,
1576 1057 1635 1116 vi-

285 1156 395 1217 sehero
405 1155 449 1236 1),
486 1174 603 1236 eaque,
635 1174 717 1235 quae
745 1154 784 1216 ad
816 1155 969 1218 Romanos
992 1157 1173 1236 pertinent,
1200 1156 1240 1217 ab
1264 1158 1454 1219 hlommseno
1485 1159 1633 1238 exposita

285 1260 427 1339 reperies
455 1259 487 1319 in
517 1258 661 1338 Corporis
689 1258 782 1319 vol.l
811 1277 845 1339 p.
869 1259 930 1319 483
959 1269 991 1320 44
1018 1258 1058 1320 ab
1088 1258 1301 1340 hlarquardtio
1331 1259 1635 1344 Staatsvcrwaltunp

285 1360 336 1422 cd.
363 1362 382 1424 2
406 1363 431 1421 ll
455 1381 487 1442 p.
505 1362 567 1422 343
585 1379 633 1442 sq.
682 1363 746 1422 Hoc
776 1361 842 1422 loco
865 1361 1023 1424 monuisse
1047 1363 1124 1424 satis
1148 1371 1210 1442 est,
1244 1363 1379 1444 primam
1411 1364 1574 1444 glandium
1599 1366 1633 1426 in

284 1465 425 1527 exercitu
455 1466 590 1526 liomano
613 1462 829 1526 adhibiturum
852 1465 1046 1527 mentionem
1070 1485 1140 1528 esse
1170 1467 1246 1528 anni
1269 1486 1301 1528 u.
1327 1485 1356 1528 c.
1382 1467 1443 1526 538
1466 1476 1521 1529 aut
1543 1478 1633 1530 certe

283 1567 358 1628 anni
388 1567 505 1650 565²),
538 1568 682 1630 ultimam
711 1569 787 1630 anni
817 1588 849 1630 u.
875 1587 903 1630 4.
930 1567 986 1629 sii
1014 1595 1057 1622 =
1079 1588 1111 1648 p.
1138 1568 1212 1630 Chr.
1238 1567 1329 1650 tat),
1361 1569 1510 1632 videlicet
1539 1571 1634 1650 glan-

283 1667 371 1731 dium
387 1669 621 1750 plumbearum,
648 1689 721 1732 nam
745 1668 923 1732 funditores
944 1679 1053 1752 postea
1075 1691 1203 1752 quoque
1226 1671 1260 1734 in
1276 1673 1485 1734 Romanorum
1501 1674 1634 1735 auxiliis

284 1772 436 1834 militasse
459 1773 536 1836 satis
557 1783 695 1851 constat;
734 1793 784 1836 ex.
804 1793 854 1854 gr.
879 1775 912 1835 in
936 1774 1080 1836 columna
1103 1775 1226 1836 Traiani
1235 1772 1257 1856 ⁴)
1286 1779 1512 1856 repraesentati
1542 1787 1629 1854 sunt,

284 1873 341 1935 sed
364 1894 418 1936 eos
440 1875 602 1956 lapidibus
624 1895 698 1938 usos
720 1895 792 1938 4444
815 1878 970 1956 imagines
993 1877 1081 1957 ipsae
1100 1876 1226 1956 docent,
1253 1879 1392 1958 itemque
1415 1877 1457 1940 ab
1472 1879 1632 1943 Hadriano

289 1976 392 2058 (Corp.
412 1979 435 2038 l.
454 1981 520 2040 Lat.
539 1979 603 2042 lllll
620 1997 652 2041 n.
673 1977 768 2062 2532)
795 1981 919 2060 equites
946 1980 1080 2042 cohortis
1103 1989 1212 2043 sextae
1228 1980 1509 2062 Commagenorum
1533 1983 1634 2064 lapi-

284 2079 352 2142 des
374 2080 483 2143 lundis
505 2082 631 2144 mittere
653 2081 915 2164 memoranturl).
939 2117 982 2128 —
1005 2083 1093 2145 Sicut
1115 2083 1276 2162 glandium
1304 2084 1444 2164 ipsarum
1468 2087 1511 2148 ita
1534 2086 1631 2148 etiam

284 2183 561 2248 inscribendarum
584 2185 747 2265 glandium
769 2205 862 2248 usum
892 2187 1022 2247 llomani
1053 2185 1221 2248 aGraecis
1243 2185 1506 2268 adsumpserunt3
1545 2189 1632 2252 anti-

282 2287 435 2366 quissima
457 2307 566 2350 earum
592 2299 641 2350 est
664 2289 828 2352 Pisoniana
852 2291 928 2350 anni
958 2291 1013 2350 624
1047 2287 1090 2371 (n.
1111 2289 1154 2372 4),
1182 2291 1420 2353 recentissimae
1443 2310 1519 2370 eae,
1545 2310 1631 2372 quae

282 2389 442 2454 adhibitae
458 2399 533 2454 sunt
548 2391 631 2453 bello
647 2393 798 2455 Perusino
812 2411 852 2481 a..
867 2391 1036 2454 743-744
1058 2391 1100 2474 (4.
1119 2393 1161 2455 52
1176 2391 1280 2474 sqq),
1306 2403 1361 2456 aut
1376 2391 1506 2456 fortasse
1522 2395 1630 2456 Sicula

284 2495 357 2556 Sex.
377 2495 515 2575 Pompeii
536 2491 579 2576 (n.
598 2495 627 2572 2)
655 2513 736 2575 quae
753 2496 843 2557 cuius
865 2497 941 2558 anni
964 2497 1006 2558 sit
1020 2496 1191 2574 nescimus,
1217 2497 1279 2557 nisi
1300 2496 1385 2576 quod
1407 2497 1525 2578 proelio
1542 2497 1630 2578 apud

283 2597 476 2660 Naulochum
499 2616 582 2659 anno
604 2597 667 2658 748
691 2599 856 2660 commisso
878 2599 1035 2679 posterior
1058 2617 1127 2660 esse
1150 2599 1273 2679 nequit.
1321 2601 1453 2662 Exstant
1474 2619 1551 2662 sane
1580 2601 1632 2663 in-

283 2702 472 2782 scriptiones
487 2720 549 2762 non
564 2720 695 2782 paucae,
715 2719 797 2780 quae
813 2701 906 2780 longe
923 2703 1132 2763 recentiorem
1149 2719 1199 2763 ex.
1219 2721 1265 2782 gr.
1285 2703 1419 2782 Traiani,
1438 2705 1475 2766 hl.
1491 2700 1627 2782 Aurelii,

284 2806 363 2884 quin
393 2805 507 2884 etiam,
544 2805 571 2866 si
599 2805 652 2865 llis
682 2803 803 2884 placet,
841 2803 1037 2866 Constantini
1067 2815 1205 2868 aetatem
1237 2805 1444 2886 profitentur,
1480 2801 1511 2867 at
1534 2825 1630 2868 casa

285 2907 420 2970 lalsariis
450 2907 599 2969 conilctas
629 2925 699 2969 esse
728 2905 811 2969 inira
841 2905 1119 2970 demonstrabitur.

369 3011 400 3073 3.
426 3011 470 3071 De
493 3008 655 3091 glandium
679 3009 813 3089 lusione,
841 3009 951 3090 forma,
977 3009 1196 3091 magnitudine
1213 3010 1416 3074 memoranda
1437 3021 1512 3073 sunt
1536 3013 1625 3074 haec.

282 3113 420 3176 Glandes
442 3112 530 3177 lusae
559 3123 632 3175 sunt
663 3131 782 3176 omnes.
831 3113 958 3176 Formae
982 3113 1068 3175 binis
1091 3114 1299 3194 expertibus
1324 3113 1521 3194 constabant,
1549 3133 1630 3194 quas

351 3341 375 3400 4)
396 3339 538 3388 Praeterea
561 3336 689 3388 1444414144
719 3337 921 3402 (Archaeologia
941 3339 1018 3401 4447)
1043 3341 1071 3388 44
1095 3336 1190 3388 Plister
1215 3337 1415 3400 (labresbericbt
1439 3339 1515 3401 4444)
1542 3337 1628 3388 multa

281 3423 316 3475 de
334 3423 432 3474 laudae
450 3437 501 3474 usu
521 3423 696 3487 collegerunt.
727 3423 899 3474 liawkinsiue
917 3436 987 3487 quae
1005 3425 1113 3488 4444414
1134 3422 1226 3487 habel,
1248 3437 1343 3474 eorum
1362 3423 1481 3475 sublesta
1499 3426 1541 3474 est
1559 3422 1628 3473 fides

281 3509 326 3573 (cl.
347 3523 416 3575 quae
434 3509 491 3561 dixi
510 3511 536 3559 in
555 3509 646 3560 indice
663 3510 826 3574 auctorum).

351 3596 376 3657 4)
405 3596 460 3646 liv.
483 3599 523 3644 44.
546 3599 576 3644 47
603 3595 649 3661 §8
678 3597 713 3659 44.
736 3597 812 3660 otti:
843 3595 924 3646 lliero
950 3609 997 3646 rex
1021 3596 1148 3646 Romanis
1173 3596 1248 3646 misit
1273 3596 1344 3646 mille
1369 3597 1569 3660 capillariorum
1595 3609 1629 3646 ac

278 3681 450 3744 funditorum,
469 3687 558 3744 aptam
569 3694 677 3732 umnam
689 3683 816 3732 adoneus
829 3681 953 3732 Baleares
971 3695 1003 3732 ac
1015 3682 1123 3733 Mauros
1147 3681 1282 3731 exercitus
1300 3681 1486 3743 Η4444411441441,
1511 3681 1629 3746 quibus-

281 3780 344 3817 cum
362 3767 455 3818 4444144
468 3767 573 3817 Livium
587 3771 629 3828 41,
646 3771 673 3817 44
691 3767 703 3832 4
717 3771 759 3828 44,
781 3766 828 3818 ubi
842 3766 1018 3818 hannibalem
1041 3769 1073 3828 [a.
1089 3767 1149 3829 444)
1168 3768 1313 3830 funditores
1326 3767 1451 3817 Baleares
1469 3770 1628 3831 octinqentos

280 3855 443 3916 septuaqinta
467 3854 493 3902 in
512 3851 629 3903 Africam
649 3854 755 3904 misisse
775 3852 865 3904 relert.
886 3881 919 3890 -
938 3853 1013 3902 Idem
1033 3857 1075 3914 44,
1095 3856 1128 3902 44
1156 3853 1279 3902 44144444
1296 3850 1447 3902 funditores
1465 3866 1481 3901 a
1499 3853 1628 3903 1444444414

281 3937 307 3986 44
332 3937 481 3988 obsidenda
505 3939 584 3989 Same
609 3938 799 4002 Cephallaniae
822 3939 921 4003 oppido
948 3941 982 4000 44.
1004 3941 1062 4000 444)
1088 3951 1220 4003 44444444
1249 3950 1376 3989 successu
1402 3937 1539 3988 adhibitos
1566 3951 1628 3989 4444

280 4037 393 4075 narrans
416 4025 486 4074 14444
508 4027 598 4074 cetera
622 4030 724 4075 centurn
747 4025 908 4087 4444444444,
939 4025 1041 4088 inquit,
1068 4025 1100 4074 ab
1124 4023 1202 4088 Aeqio
1227 4029 1252 4076 et
1277 4025 1365 4074 Patris
1389 4029 1413 4074 et
1431 4024 1522 4086 Danais
1549 4028 1628 4074 acciti

279 4114 341 4160 sunt
411 4111 475 4174 (qui)
497 4111 598 4173 inopius
615 4113 724 4161 certiore
743 4117 767 4162 et
783 4111 910 4160 4444444444
927 4113 980 4160 ictu
998 4123 1077 4173 quam
1090 4111 1210 4161 Balearis
1220 4110 1339 4173 funditor
1350 4123 1379 4161 eo
1398 4111 1507 4161 teleusi
1524 4117 1594 4163 sunl.

350 4195 375 4258 4)
394 4195 500 4246 Tacitus
520 4208 583 4246 ann.
605 4199 647 4256 14,
663 4199 708 4245 444
730 4209 745 4244 4
764 4195 880 4246 Domitio
899 4197 1052 4248 Corbulone
1070 4197 1258 4248 Armeniorum
1278 4195 1421 4247 castellum
1439 4199 1627 4261 expugnatura

279 4281 445 4331 iteratoribus
461 4281 685 4345 funditoribusque
702 4283 842 4333 attributus
861 4283 942 4346 loeus,
967 4284 1035 4333 unde
1052 4285 1152 4333 aninus
1174 4282 1283 4346 plaudes
1300 4287 1457 4344 torquerent.
1494 4283 1627 4346 Tempore

279 4367 361 4416 etiam
385 4369 536 4432 posteriore
561 4381 586 4418 4.
607 4371 656 4417 444
679 4369 729 4432 (74)
757 4367 869 4432 glandes
893 4369 919 4417 in
944 4369 1035 4418 Civilis
1059 4369 1181 4419 exercitu
1203 4371 1452 4419 commemorantur
1475 4366 1510 4417 ab
1532 4367 1626 4418 Tacito

279 4451 342 4501 hisi.
363 4455 388 4516 4,
405 4456 451 4502 tl:
472 4455 546 4504 saeris
563 4453 751 4518 utentibusque
769 4459 793 4504 et
811 4457 905 4504 4444444
921 4455 1060 4505 missilibus
1076 4455 1207 4517 proelium
1223 4455 1357 4516 incipitur.

349 4538 374 4600 4)
393 4539 431 4588 De
445 4539 552 4590 hiinicis
565 4539 619 4590 tab.
635 4541 654 4603 1,
671 4543 700 4602 t;
723 4539 868 4602 Froehner,
883 4539 934 4590 col.
946 4540 1014 4592 Trai.
1032 4538 1186 4605 (4474-74)
1200 4539 1308 4590 441444.
1324 4543 1373 4589 445
1387 4553 1426 4604 sq.
1442 4543 1507 4604 etp.
1524 4543 1565 4588 44.
1581 4543 1623 4590 44.

279 4623 426 4673 1441444414
445 4629 583 4688 praeterea
607 4625 686 4690 flgb
717 4626 860 4676 exhibetur
883 4628 979 4691 cippus
1005 4625 1183 4691 sepulchralis
1211 4626 1332 4676 urbanus
1357 4625 1536 4690 Epitynchani
1560 4638 1624 4675 curn

279 4707 424 4762 lunditoris
444 4714 559 4776 imagine
580 4712 622 4774 (41.
638 4712 706 4761 14444
725 4717 752 4762 44
769 4712 898 4772 4414441444,
918 4713 1064 4763 Bildwerlre
1078 4715 1139 4761 4444
1163 4724 1190 4762 n.
1205 4715 1272 4761 4477
1291 4715 1318 4761 44
1336 4711 1415 4777 Corp.
1429 4713 1463 4762 Vl
1482 4725 1507 4762 n.
1519 4711 1622 4774 47444).

279 4799 308 4846 ln
322 4797 381 4848 eius
407 4799 545 4861 marsupio
569 4797 683 4862 lapides,
707 4801 738 4847 ut
756 4797 877 4862 videtur,
908 4801 980 4848 certe
1007 4811 1059 4848 non
1079 4797 1190 4862 glandes
1213 4799 1372 4848 cernuntur.
1411 4799 1475 4847 114444
1495 4797 1624 4860 vegetius

278 4883 314 4933 111
335 4887 381 4935 444
403 4884 614 4946 funditores...
635 4885 751 4948 diripunt
768 4898 850 4949 suam
878 4882 912 4934 cl.
933 4885 978 4934 1111
997 4888 1022 4936 4.
1043 4911 1077 4920 -
1096 4883 1256 4933 Funditores
1275 4885 1302 4933 in
1320 4882 1446 4932 columna
1464 4883 1500 4934 hl.
1519 4883 1623 4933 Aurelii

279 4969 472 5034 repraesentati
493 4967 545 5030 led.
567 4971 632 5018 4744
653 4969 706 5020 tab.
722 4974 750 5019 44
768 4989 800 5014 =
816 4971 854 5021 De
867 4971 972 5021 Minicia
991 4968 1068 5020 tabl
1089 4968 1113 5032 4)
1135 4982 1187 5018 444
1204 4968 1387 5020 Romanorum
1412 4968 1541 5018 suntsed
1559 4967 1624 5019 bar-

278 5054 422 5116 barorum;
442 5056 559 5105 utuntur
577 5055 712 5121 lapidibus
731 5069 784 5107 non
803 5057 957 5121 glandibus.

347 5142 372 5204 4)
393 5141 422 5189 ln
441 5153 531 5207 pugna
550 5155 575 5191 4.
595 5155 623 5206 4.
644 5142 706 5192 Chr.
728 5146 776 5192 447
805 5145 898 5192 contra
916 5142 1042 5192 Albinum
1067 5154 1152 5206 prope
1171 5141 1350 5204 Lugudunum
1370 5143 1515 5191 commissa
1534 5141 1624 5203 Septi-

279 5229 350 5278 mius
375 5228 493 5279 Severus
514 5227 581 5290 (Vita
606 5241 666 5292 cap.
693 5228 736 5290 44)
768 5233 887 5278 mortuus
910 5230 964 5278 ictu
987 5227 1125 5288 plumbeae
1149 5226 1322 5277 credebatur.
1369 5225 1420 5276 vbi
1448 5229 1538 5276 tamen
1566 5238 1621 5274 non

278 5314 353 5378 glans
371 5313 419 5366 sed
436 5313 511 5365 aliud
531 5314 613 5364 telum
632 5312 803 5378 plumbatum
822 5312 930 5364 videtur
946 5311 1159 5376 intellegendum
1178 5325 1247 5362 esse.
