3402 5924
281 560 329 632 90
788 569 946 621 sumnus
965 569 1120 622 srvnmu.

282 761 415 826 runtveli,
439 773 528 827 neque
547 765 632 812 totam
650 761 719 812 banc
737 759 866 812 talearum
884 762 1003 826 speciem
1025 763 1203 824 agnoverunt,
1223 758 1252 810 id
1270 761 1344 810 enim
1361 758 1422 811 fleri
1441 773 1495 812 non
1513 763 1641 826 potuisse

281 852 497 900 consentaneum
515 850 556 899 est
574 849 626 898 nisi
651 848 718 912 ipsis
736 846 883 912 glandibus
906 848 1068 899 examinatis
1086 850 1114 898 et
1130 846 1165 897 nd
1183 847 1301 911 genuina
1320 845 1488 912 exemplaria
1505 851 1638 898 aecumte

281 937 391 989 exactis.
430 935 483 986 Sed
502 933 566 985 inde
584 934 638 985 boc
658 931 758 984 iactum
777 937 827 997 est,
848 937 880 984 ιιι
897 933 1041 998 bucusque
1053 946 1151 984 omnes
1168 933 1220 984 bae
1233 933 1355 996 glandes,
1374 933 1458 982 etiam
1476 933 1640 998 suspicione

281 1021 327 1072 ille
346 1023 477 1087 seponite,
505 1033 554 1086 pro
573 1021 700 1083 genuinis
718 1019 799 1084 vulgo
821 1020 991 1070 hebetentur
1009 1019 1210 1084 ederenturque
1228 1032 1282 1070 non
1301 1017 1389 1069 solum
1408 1017 1443 1068 ab
1461 1019 1509 1078 iis,
1534 1019 1639 1083 quiex

283 1108 392 1158 Minicio
421 1109 577 1172 repeterent
593 1107 637 1156 vel
661 1110 735 1158 certe
758 1119 811 1156 nou
838 1107 971 1158 vidissent
996 1099 1167 1168 illitschelio,
1194 1103 1344 1165 Fabrettio,
1370 1103 1514 1166 Ficrellio),
1540 1117 1641 1154 verum
1696 1131 1697 1136 κ

282 1195 365 1246 etiam
377 1193 412 1244 ab
426 1194 468 1254 iis,
489 1193 536 1257 qui
555 1193 628 1257 ipsas
645 1195 771 1252 tractare,
792 1193 957 1252 examinare,
979 1204 1043 1242 cum
1056 1191 1173 1242 sinceris
1185 1191 1272 1241 musei
1291 1190 1460 1242 tiircberiani
1473 1203 1638 1254 comparare

282 1282 403 1345 possent,
423 1281 441 1330 i.
456 1293 481 1330 e.
496 1279 642 1330 Garruccio
661 1281 689 1330 et
706 1278 849 1343 iluggiero.

351 1367 438 1431 Atque
450 1367 473 1415 is
486 1365 598 1430 quidem
610 1377 687 1416 error
698 1364 764 1416 bule
775 1364 928 1416 studiorum
941 1364 1033 1428 generi
1046 1376 1185 1414 summum
1203 1363 1398 1414 detrimentum
1412 1362 1512 1424 intulit,
1531 1363 1638 1427 quippe

284 1465 338 1517 quo
356 1453 504 1518 praecipue
528 1450 653 1502 ellectum
672 1452 717 1514 sit,
742 1453 773 1502 ut
791 1451 1017 1502 Vincenrlnianae
1039 1449 1166 1512 insudas,
1189 1450 1309 1514 primum
1333 1449 1360 1498 in
1386 1461 1481 1498 musea
1505 1460 1568 1499 sese
1596 1449 1640 1498 io-

281 1540 435 1598 sinuantes,
463 1551 526 1589 mox
544 1539 572 1588 in
591 1536 759 1589 editionibus
777 1550 886 1602 quoque
904 1537 1085 1600 genuinamm
1107 1538 1249 1600 receptae,
1275 1533 1396 1586 tamdiu
1415 1537 1456 1584 tot
1472 1533 1638 1584 bominibus
1697 1605 1698 1608 Ἴ

283 1623 372 1674 doctis
390 1625 531 1688 imponere
549 1625 670 1689 possent.
708 1622 843 1674 Falsarius
867 1623 941 1674 enim
963 1633 1027 1673 cnm
1050 1623 1147 1686 primis
1170 1621 1250 1672 annis
1275 1621 1466 1685 inscriptiones
1488 1634 1504 1670 a
1523 1620 1637 1670 Minicio
1697 1609 1698 1638 ³

281 1709 376 1774 editas,
394 1709 448 1760 lere
467 1709 539 1760 solas
562 1710 591 1760 iu
609 1710 668 1761 suis
685 1708 831 1773 glandibus
849 1709 998 1774 repeteret,
1019 1708 1249 1759 Vincenrinianue
1267 1705 1302 1757 ob
1321 1719 1382 1756 eam
1401 1708 1488 1771 ipsam
1509 1719 1634 1766 cansam,

282 1795 357 1859 quod
381 1797 543 1848 Miniciauee
566 1795 649 1859 vulgo
674 1797 799 1860 receptae
822 1797 851 1844 et
872 1793 1003 1860 probetne
1030 1797 1131 1854 essent,
1159 1793 1294 1858 genuinae
1321 1805 1381 1844 esse
1400 1791 1638 1842 existimabantur.

282 1881 400 1932 t'lterius
418 1881 487 1932 adeo
509 1894 671 1946 progressus
688 1881 834 1945 Berglrius,
860 1879 928 1932 dum
946 1879 1174 1931 Vincenzinianus
1192 1879 1357 1942 Derjardinii
1375 1877 1489 1943 quidem
1511 1878 1638 1938 damnat,

283 1969 310 2016 at
333 1979 397 2018 suas
422 1979 476 2018 non
501 1969 594 2018 minus
615 1966 842 2018 Vincenzinianus
869 1967 964 2018 censet
988 1978 1048 2018 esse
1075 1967 1213 2028 sinceras,
1241 1962 1466 2028 Mommsenumu
1497 1965 1635 2028 quasdam

282 2053 395 2116 glandes
413 2065 556 2120 perperam
574 2053 601 2103 in
621 2053 805 2118 suspicionem
824 2065 939 2104 vocasse
957 2051 1098 2103 contendit
1116 2051 1251 2103 eiusmodi
1275 2063 1420 2102 censuram
1438 2063 1493 2101 non
1515 2053 1579 2102 sine
1599 2053 1638 2102 ira

281 2140 439 2204 vituperans
467 2139 576 2202 (annali.
596 2138 681 2190 liben.
700 2142 747 2200 68,
770 2142 851 2198 itit,
876 2153 903 2204 p.
922 2142 937 2188 8
956 2151 1016 2203 sqq.
1035 2158 1066 2182 =
1087 2137 1361 2202 &Mardergescbcsse
1380 2140 1447 2187 4876
1465 2151 1491 2201 p.
1507 2139 1538 2186 ts
1553 2150 1637 2200 sqq.;

282 2227 309 2274 lu
334 2238 388 2289 qua
413 2238 443 2276 re
467 2226 573 2289 egregie
593 2225 736 2289 Berglium
760 2225 872 2290 quidem
897 2223 996 2276 laisum
1020 2237 1082 2276 ease
1106 2239 1140 2276 ex
1163 2225 1210 2286 ils,
1236 2237 1307 2288 quae
1332 2237 1415 2289 supra
1432 2221 1634 2282 demonstravi,

283 2315 409 2376 apparet:
437 2323 501 2362 nem
525 2313 630 2362 tantum
654 2309 745 2372 abest,
772 2315 802 2361 ut
825 2312 909 2362 nimia
933 2309 1013 2361 tuerit
1035 2313 1196 2362 Mommseni
1222 2323 1353 2370 censura,
1380 2313 1412 2360 ut
1434 2310 1518 2360 etiam
1541 2309 1640 2374 plures

283 2396 451 2447 damnandas
478 2409 538 2448 esse
561 2399 700 2461 totamque
723 2396 796 2448 banc
819 2399 919 2448 sertem
947 2395 1056 2448 leiserio
1081 2397 1177 2448 deberi
1205 2399 1260 2446 lam
1287 2397 1404 2447 constet.
1448 2393 1516 2445 lnde
1542 2399 1638 2444 antem

282 2482 415 2546 sequitur,
435 2495 506 2546 quae
525 2494 568 2533 res
585 2483 698 2534 maximi
716 2487 759 2534 est
776 2483 924 2545 momenti,
944 2485 975 2534 ut
993 2495 1087 2534 omnes
1106 2483 1169 2534 illae
1188 2481 1315 2546 glandes,
1341 2481 1445 2546 quibus
1462 2479 1578 2531 eaedem
1598 2482 1640 2530 in·
1699 2549 1700 2556 ἵ

282 2569 444 2631 scriptiones
469 2571 509 2619 tot
531 2567 733 2634 exemplaribus
757 2568 933 2628 exhibentur,
959 2581 1014 2619 non
1038 2570 1145 2634 possint
1167 2569 1319 2620 Minicienis
1342 2567 1424 2618 fidem
1443 2578 1570 2617 asserere
1590 2567 1637 2616 sed
1699 2569 1700 2590 i

283 2654 358 2718 ipseo
378 2655 433 2704 sint
450 2653 555 2704 iraudis
573 2653 808 2706 condemnandae.

352 2739 381 2788 ln
399 2738 485 2790 altero
503 2751 602 2802 genere
618 2737 773 2803 (sul-em
789 2741 894 2792 litterae
913 2739 1064 2814 singulares
1083 2753 1166 2791 sensu
1184 2742 1295 2790 omnino
1313 2751 1405 2790 cassae
1424 2751 1473 2803 per
1486 2737 1640 2789 ludibrium

283 2827 450 2889 compositae
475 2827 547 2878 sunt.
590 2825 696 2878 Partem
724 2823 880 2890 (sol-sui)
906 2827 963 2892 ipse
988 2828 1155 2878 examinavi:
1184 2839 1232 2876 eae
1256 2823 1351 2876 irande
1375 2827 1431 2876 tarn
1455 2837 1549 2876 orama
1577 2829 1641 2876 sunt

283 2909 382 2973 iactae,
410 2914 439 2963 ut
460 2911 504 2962 vix
528 2924 694 2976 quemquam
714 2913 754 2964 vel
779 2913 950 2980 aliquantum
973 2913 1091 2977 peritum
1116 2910 1208 2962 tallere
1234 2911 1351 2976 possint;
1379 2909 1506 2961 falsarius
1530 2908 1640 2974 plumbi

282 2994 491 3062 litterarumque
515 2995 616 3048 formas
640 2999 763 3063 antiquas
788 2999 887 3050 imitari
907 3011 940 3048 ne
959 2998 1100 3064 temptavit
1122 2998 1245 3061 quidem3
1273 2996 1367 3062 robigo
1385 2997 1457 3046 inest
1476 2994 1532 3046 tere
1551 2997 1638 3057 nulla,

283 3095 336 3132 una
366 3079 432 3145 (W)
456 3082 525 3132 odeo
547 3083 637 3134 rosina
661 3083 806 3148 subnigra,
833 3097 902 3148 quae
930 3084 1004 3134 tocco
1028 3096 1100 3134 nunc
1125 3086 1253 3144 vocatur,
1278 3097 1312 3134 ex
1336 3085 1411 3148 parte
1437 3080 1558 3131 obducta
1589 3086 1640 3131 est.

282 3167 313 3218 N.
327 3165 387 3220 iol.
408 3165 468 3218 atil.
485 3165 545 3217 23⁴⁸.
567 3167 625 3218 w.
647 3169 697 3219 28*
710 3183 781 3220 anno
796 3173 862 3220 istd
876 3171 903 3220 in
916 3181 1011 3220 museo
1025 3169 1201 3220 Miraberleno
1215 3169 1284 3220 vidit
1295 3169 1430 3230 Minicius,
1452 3166 1642 3232 videnturque

282 3253 375 3318 paullo
399 3255 478 3304 antea
501 3267 534 3305 ιο
559 3255 725 3318 parvenisse.
768 3257 884 3320 Originis
908 3254 1059 3306 Asculacae
1082 3267 1143 3306 esse
1167 3252 1271 3305 matii.
1290 3251 1349 3303 w.
1378 3251 1437 3302 23⁴¹.
1459 3252 1510 3302 st*
1534 3253 1641 3304 diserte

284 3339 367 3390 tradit
385 3340 519 3391 Minicius.
557 3341 745 3406 Suspicionem
765 3341 823 3406 ipse
841 3343 876 3392 de
895 3341 969 3392 nulla
989 3338 1127 3405 protessus
1145 3343 1201 3399 est;
1228 3341 1379 3405 ltuggierus
1400 3340 1472 3390 iuter
1495 3347 1642 3404 suspectas

282 3421 402 3491 rettulitl,
432 3427 597 3476 Garruccius
617 3427 730 3490 glandes
752 3441 779 3478 n.
801 3426 860 3477 ιιι.
881 3425 942 3478 w.
968 3423 1028 3477 illl.
1056 3424 1129 3477 xta*
1153 3425 1283 3490 (itemque
1301 3439 1327 3475 n.
1349 3423 1409 3474 till.
1430 3423 1489 3487 ιν)
1518 3437 1547 3475 se
1575 3439 1640 3475 eum

285 3503 454 3561 Merohio‘in
467 3509 541 3562 ialais
560 3507 728 3576 relegavisse’
751 3515 866 3564 testatur
883 3513 990 3578 Sylloge
1008 3525 1034 3576 p.
1049 3515 1107 3562 846.
1125 3537 1156 3548 -
1175 3510 1285 3562 Ceteras
1300 3513 1336 3574 (n.
1352 3508 1402 3559 st*
1415 3511 1501 3575 sqq),
1520 3525 1642 3575 quarum

284 3597 417 3658 plurimae
442 3599 519 3648 erant
543 3597 571 3646 in
590 3609 684 3648 museo
703 3597 855 3662 Campanae
878 3596 936 3658 (³³¹⁵
955 3597 1043 3661 sqq),
1073 3597 1152 3662 piane
1179 3595 1303 3646 eiusdem
1330 3597 1437 3660 generis
1464 3609 1525 3647 esse
1547 3600 1643 3648 mani-

285 3680 382 3731 iestum
410 3685 464 3742 ast,
494 3683 623 3747 recteque
650 3684 703 3732 iarn
729 3683 928 3735 damnaverunt
951 3683 1138 3733 Mommsenus
1155 3681 1208 3732 vol.
1224 3683 1235 3730 l
1254 3695 1280 3747 p.
1295 3684 1346 3732 668
1365 3685 1393 3733 et
1414 3683 1469 3746 (qui
1495 3683 1544 3733 bas
1564 3683 1641 3734 haud

283 3765 367 3817 dubie
391 3765 531 3831 significat)
560 3767 723 3833 Longptrier
749 3769 821 3832 (vide
840 3768 875 3820 ad
893 3781 920 3820 n.
940 3771 983 3830 88,
1004 3767 1040 3832 8).
1062 3767 1164 3818 -liis
1186 3767 1314 3818 subiunxi
1337 3771 1392 3820 tres
1418 3765 1531 3832 glandes
1553 3771 1642 3818 variis

285 3851 373 3901 modis
398 3855 425 3902 et
442 3857 503 3903 unte
522 3854 732 3905 Vincenzinium
750 3852 879 3904 confictas
899 3851 968 3918 (62⁸⁶.
991 3851 1073 3904 diff.
1092 3849 1161 3916 68*).

353 3936 473 3988 Tertium
498 3951 584 4002 genus
607 3943 650 3990 est
672 3939 811 4004 glandium
829 3953 938 4001 aarum,
966 3951 1036 4004 quae
1063 3940 1137 4005 ipsae
1156 3938 1268 4003 quidem
1286 3939 1414 4003 antiquae
1436 3939 1573 3989 suntsed
1600 3942 1643 3988 in-

285 4024 447 4088 scriptiones
470 4037 486 4075 a
505 4022 613 4074 leiserio
630 4025 763 4076 Asculano
788 4025 883 4089 ligneis
908 4024 1001 4076 termis
1025 4037 1140 4076 excusas
1164 4024 1295 4076 exhibent
1312 4022 1466 4088 quibusque
1485 4026 1525 4074 tot
1544 4035 1642 4076 musea

286 4112 343 4158 tam
361 4107 471 4174 publica
490 4122 571 4174 quem
591 4111 695 4174 privata
713 4109 810 4162 reiarta
830 4114 901 4162 sunt.
933 4110 990 4162 Eae
1007 4111 1117 4176 prodire
1136 4112 1286 4176 coeperunt
1303 4109 1367 4159 inde
1386 4107 1420 4158 ab
1438 4121 1510 4159 anno
1529 4109 1644 4162 circiter

286 4197 351 4244 4866
374 4195 446 4258 (vide
464 4209 491 4248 u.
508 4193 566 4258 σι’,
579 4199 616 4262 8).
642 4196 677 4247 Ει
688 4195 723 4248 ab
736 4197 812 4247 initio
825 4197 936 4262 quidem
955 4195 1079 4246 falsarius
1092 4197 1207 4260 eiusque
1227 4196 1294 4246 socii
1307 4195 1460 4247 venditores
1479 4195 1643 4246 cautissime

285 4279 414 4342 agebant:
434 4293 488 4331 non
507 4283 580 4332 euim
599 4281 767 4334 recedebant
778 4283 831 4334 nisi
844 4283 1035 4348 inscriptiones
1048 4283 1104 4331 iam
1115 4280 1235 4343 aliunde,
1250 4281 1367 4332 maxime
1380 4294 1414 4332 ex
1426 4280 1528 4330 Minicii
1545 4279 1643 4333 libello

286 4367 374 4426 notas,
389 4379 488 4432 easque
500 4369 595 4432 paucis
607 4367 810 4434 exemplaribus
822 4380 986 4432 summoque
999 4367 1113 4418 artificio
1127 4366 1205 4418 lactis
1218 4365 1385 4432 repetebant.
1405 4367 1463 4426 Quo
1474 4364 1579 4417 iactum
1591 4375 1641 4428 est,

286 4453 315 4501 ut
334 4453 464 4515 genuinas
477 4456 603 4519 putarent
615 4455 806 4518 inscriptiones
819 4455 919 4515 cuncti,
934 4453 1016 4504 otiam
1036 4455 1055 4504 ii
1068 4454 1193 4504 homines
1207 4452 1370 4516 gnarissimi,
1392 4451 1492 4516 quibus
1505 4455 1642 4514 genuinas

287 4535 410 4588 conterre
430 4539 541 4590 cottidie
560 4539 587 4588 in
606 4541 733 4606 promptu
751 4541 823 4591 eret:
844 4542 951 4605 prester
967 4541 1147 4590 Garruccium
1165 4541 1247 4589 ettam
1259 4539 1373 4588 vischer
1391 4539 1428 4602 tn.
1439 4535 1512 4599 W),
1533 4538 1642 4590 fiorelli

290 4625 325 4684 (n.
340 4623 410 4688 68⁴⁵),
422 4625 524 4675 Strozzi
536 4625 658 4676 marchio
674 4625 744 4690 (post
756 4639 783 4676 ιι.
793 4624 865 4688 tuit),
879 4625 1054 4691 Longpdrier,
1069 4625 1098 4675 L.
1113 4624 1226 4676 Mueller
1238 4623 1401 4677 Havniensis
1415 4621 1460 4686 (ei.
1475 4625 1641 4686 Mommsen,

287 4709 325 4758 lm
337 4723 421 4760 neuen
434 4711 510 4761 lletcb
527 4714 592 4760 4876
605 4711 628 4761 ll
641 4725 669 4776 p.
686 4713 711 4760 lt
720 4711 756 4774 7).
788 4711 859 4763 Nam
871 4712 1031 4762 Minicinnae
1044 4710 1115 4769 illua,
1132 4723 1200 4775 quas
1212 4712 1317 4776 spurias
1336 4709 1378 4760 vel
1391 4707 1463 4760 male
1476 4709 1560 4761 lectas
1581 4725 1642 4762 esse

357 4967 380 5030 7)
401 4966 587 5020 Mommsenus
598 4966 677 5034 Corp.
689 4969 699 5018 l
713 4981 739 5033 p.
753 4971 801 5018 488
822 4971 850 5018 in
870 4967 1039 5034 praelatione
1057 4967 1203 5032 glandibus
1220 4966 1365 5019 Asculanis
1383 4967 1536 5032 praemissa
1550 4958 1640 5032 ‘Mihi

288 5053 389 5116 inquit,
416 5055 463 5115 qul
487 5055 584 5104 barum
609 5055 713 5106 nullam
731 5055 847 5106 viderim
874 5054 941 5106 nibil
967 5054 1023 5106 iero
1047 5054 1172 5106 relictum
1193 5053 1247 5106 luit
1264 5054 1317 5104 uisi
1337 5053 1482 5104 molestum
1500 5055 1640 5116 negotium

287 5137 467 5190 dubitationis
486 5135 674 5205 profitendae'.

356 5229 380 5290 8)
401 5225 540 5290 Borghesii
553 5226 698 5292 epistulam
712 5225 786 5276 illam
801 5227 864 5276 unni
879 5229 954 5288 7666,
975 5225 1077 5277 editum
1090 5239 1161 5277 anno
1176 5229 1251 5286 itis,
1272 5224 1402 5289 Berglrius
1415 5236 1480 5275 cum
1494 5237 1551 5276 non
1562 5239 1641 5276 com-

288 5315 429 5374 memoret,
448 5311 559 5363 videtur
577 5315 725 5376 ignorasse.
