3402 5924
457 1475 881 1612 04404400
938 1475 1360 1649 04444440.

233 1765 390 1891 Primum
408 1849 494 1900 genus
507 1833 635 1899 (iti-lt*
652 1849 685 1886 ac
702 1834 817 1887 iortasse
832 1832 913 1916 tw)
933 1839 1089 1898 0040040444,
1110 1849 1180 1901 quae
1193 1837 1295 1886 illinicii
1313 1839 1402 1888 aetate
1421 1836 1584 1902 prodierunt

234 1927 261 1973 et
279 1923 334 1975 bue
351 1937 438 1988 usque
456 1922 606 1974 editoribus
625 1923 781 1985 (novissime
799 1923 957 1986 Garruceio)
977 1923 1176 1988 imposuerunt,
1196 1923 1248 1974 nisi
1267 1923 1341 1988 quod
1359 1938 1425 1989 pars
1443 1938 1491 1985 ea,
1509 1937 1584 1987 0000

233 2009 268 2060 04
280 2009 400 2074 legiones
412 2011 527 2074 spectat,
541 2023 557 2059 0
569 2009 737 2058 Mommseno
750 2011 785 2069 ei,
806 2007 835 2058 id
847 2008 921 2073 quod
935 2020 1022 2074 nuper
1033 2007 1145 2059 demum
1161 2007 1317 2070 didicimus,
1339 2011 1395 2059 iam
1407 2023 1424 2060 0
1436 2008 1584 2074 Borghesio

232 2109 304 2147 anno
319 2098 384 2146 4444
397 2097 425 2145 40
444 2095 629 2161 suspicionem
642 2097 739 2145 vocata
757 2097 823 2145 erat.
860 2093 915 2159 ligo
928 2107 993 2146 cum
1010 2095 1131 2160 primum
1143 2107 1216 2144 anno
1229 2098 1296 2146 4444
1310 2098 1398 2146 musei
1411 2095 1583 2146 liircberiani
1685 2097 1686 2144 1

232 2183 375 2234 thesauros
394 2185 459 2233 tunc
477 2182 532 2232 iam
549 2182 612 2232 usui
631 2183 770 2232 communi
794 2181 938 2232 commode
955 2182 1093 2246 expositos
1117 2184 1144 2231 04
1160 2181 1286 2246 linggieri
1303 2193 1370 2232 cura
1389 2182 1509 2246 digestos
1525 2183 1583 2233 adii
1685 2195 1686 2268 p

232 2270 259 2318 et
278 2267 389 2332 glandes
407 2267 572 2332 perlustrare
590 2268 678 2332 coepi,
697 2269 725 2316 in
743 2279 838 2317 earum
857 2280 970 2318 numero
989 2269 1081 2319 statim
1099 2267 1195 2318 oculos
1213 2266 1327 2318 01400444
1338 2269 1425 2319 series
1441 2268 1582 2332 glandium

236 2351 354 2405 lli-lb*
372 2355 443 2406 inter
463 2367 492 2404 00
511 2353 712 2404 simillimorum
733 2355 760 2404 et
777 2352 892 2404 eandem
905 2351 1041 2404 cilicinam
1054 2353 1246 2418 prodentium,
1266 2353 1315 2404 sed
1333 2355 1427 2420 specie
1445 2359 1585 2406 04404000

233 2441 366 2505 genuinis,
387 2451 455 2504 ques
467 2439 568 2490 multas
581 2443 645 2490 tunc
656 2440 710 2490 iam
723 2439 856 2500 videram,
872 2438 950 2504 longe
963 2440 1131 2492 distantium.
1158 2441 1267 2490 Praeter
1284 2440 1333 2490 has
1346 2445 1443 2506 postea
1456 2442 1584 2492 Perusiae

233 2528 323 2577 inveni
343 2526 420 2589 duas,
447 2538 564 2590 quarum
581 2539 664 2576 unam
680 2539 708 2575 n.
724 2521 773 2575 ii*
791 2525 915 2576 eiusdem
934 2527 1042 2591 generis
1062 2539 1123 2576 0000
1140 2525 1206 2575 mibi
1225 2528 1339 2588 0000404,
1361 2525 1448 2577 014040
1467 2540 1495 2576 n.
1510 2529 1583 2576 lto*
1685 2539 1686 2564 4

231 2613 421 2663 videturesse.
449 2612 535 2662 Fusae
547 2613 612 2662 sunt
623 2611 735 2676 quidem
748 2613 819 2663 sicut
830 2613 972 2677 antiquae,
988 2610 1035 2662 sed
1049 2612 1154 2662 14440400
1167 2614 1257 2676 postea
1271 2611 1382 2662 additae
1394 2616 1459 2664 sunt
1472 2625 1584 2664 earum-
1685 2599 1686 2662 Ῠ

232 2711 285 2763 000
303 2699 396 2750 1400400
415 2700 452 2749 440
465 2699 595 2758 0444400444,
610 2701 640 2748 04
651 2697 738 2748 cultro
753 2700 876 2749 exsectae
889 2711 949 2749 esse
961 2702 1098 2763 appareat.
1118 2696 1257 2761 Robiginis
1268 2697 1371 2748 babent
1384 2711 1441 2748 non
1455 2699 1583 2759 multum,
1685 2697 1686 2700 ’

232 2786 270 2836 440
287 2788 318 2834 04
335 2798 369 2835 04
387 2798 419 2834 00
437 2798 467 2834 40
486 2785 513 2833 40
532 2787 656 2834 neutram
670 2787 775 2848 purtem
794 2785 861 2835 certi
879 2783 983 2848 aliquid
996 2784 1124 2834 concludi
1138 2785 1237 2849 possit,
1260 2786 1378 2835 attamen
1399 2783 1453 2834 boc
1465 2788 1583 2846 0000404,

233 2873 261 2921 40
280 2870 354 2922 nulla
373 2871 469 2921 barum
488 2869 627 2934 glandium
645 2869 796 2935 robiginem
815 2873 921 2922 exstare
939 2871 1035 2930 talem,
1064 2869 1153 2935 000140
1171 2871 1225 2920 0440
1247 2869 1377 2920 44040400
1397 2875 1538 2922 excrescet
1556 2874 1585 2921 04
1685 2885 1686 2900 1

232 2957 355 3008 1010440440
378 2957 561 3021 suspicionem
581 2956 717 3007 04010404.
742 2983 778 2994 -
798 2957 866 3007 ltem
884 2957 1035 3007 litterarum
1059 2955 1174 3019 1040400,
1199 2969 1270 3020 0000
1296 2957 1441 3006 4401400404
1463 2957 1583 3021 quadam

232 3047 311 3094 40000
328 3042 394 3093 140114
407 3041 513 3092 00040140
525 3041 638 3105 glandes
650 3043 808 3106 Asculanos,
830 3041 910 3106 plane
922 3045 1027 3093 certum
1047 3040 1149 3092 iraudis
1161 3043 1352 3104 argumentum
1364 3053 1419 3091 non
1435 3041 1581 3105 praebent,

231 3129 338 3179 tametsi
357 3129 539 3192 suspicionem
559 3130 669 3179 movent
694 3142 720 3177 n.
733 3125 766 3176 t*
779 3128 904 3190 (maxime
923 3127 965 3189 114,
989 3127 1084 3192 000100
1102 3139 1168 3177 0000
1188 3129 1215 3175 40
1234 3128 1354 3176 nummis
1372 3128 1482 3190 angusti
1500 3129 1581 3194 spatii

232 3215 278 3264 bic
300 3215 355 3265 illic
377 3213 560 3276 inveniuntur)
586 3217 613 3264 et
635 3213 657 3263 G
681 3215 708 3263 iu
733 3227 759 3264 n.
773 3211 816 3276 tlt,
841 3212 942 3276 quibus
966 3213 1037 3263 adde
1060 3216 1193 3278 punctum
1220 3215 1247 3262 in
1266 3226 1293 3262 n.
1308 3210 1340 3260 6*
1358 3216 1481 3264 04440040
1502 3219 1581 3280 00440

231 3301 346 3352 0440400
363 3301 491 3365 positum.
512 3324 543 3336 -
562 3299 614 3350 Sed
633 3299 770 3350 accedunt
786 3299 840 3350 0140
859 3299 973 3359 4044040,
1000 3311 1070 3363 0000
1089 3299 1187 3349 malam
1206 3297 1288 3350 fldem
1306 3310 1420 3363 prorsus
1438 3302 1578 3350 evincant.
1685 3305 1686 3342 1

233 3387 380 3438 Glandium
398 3399 423 3434 n.
442 3379 482 3435 ⁴⁴⁸.
495 3383 538 3435 i*.
552 3380 593 3435 411.
610 3380 670 3436 llll.
687 3382 745 3434 itii.
762 3385 811 3433 lt*
823 3383 967 3450 plumbum
982 3383 1095 3434 40404400
1115 3387 1157 3433 004
1175 3385 1245 3434 04004
1260 3384 1286 3433 40
1305 3385 1431 3448 genuinis
1451 3383 1583 3436 mutilatis
1685 3433 1686 3452 2

232 3477 260 3523 04
272 3476 363 3523 400400
376 3473 517 3536 inscriptio
530 3473 633 3533 integra
646 3473 747 3529 exstat;
768 3473 861 3521 000440
875 3471 972 3522 1404004
992 3484 1018 3520 0.
1031 3466 1072 3520 tii.
1094 3467 1136 3521 t*.
1159 3465 1208 3520 li*
1225 3468 1370 3535 plumbum
1389 3483 1455 3520 cum
1473 3471 1580 3534 glandis

232 3559 349 3610 iormam
367 3559 394 3608 04
411 3559 600 3619 symmetriam
624 3556 731 3619 plenam
756 3556 897 3620 exhibeat,
924 3558 1066 3622 inscriptio
1085 3570 1182 3607 manca
1200 3561 1250 3608 004.
1287 3556 1410 3616 Quorum
1428 3559 1579 3621 4444040000
1685 3593 1686 3616 ,

233 3647 260 3694 10
279 3645 396 3707 genuina
413 3641 511 3706 glande
528 3639 628 3692 laetum
647 3645 689 3693 est
707 3643 794 3706 nulla,
822 3645 849 3694 in
868 3645 968 3708 spuriis
987 3646 1078 3694 004004
1097 3641 1177 3694 100110
1194 3641 1353 3708 0401400404.
1390 3643 1489 3707 Atqui,
1514 3657 1579 3694 cum
1685 3687 1686 3724 ,

232 3731 299 3781 haec
317 3730 402 3780 series
420 3741 501 3778 unam
519 3733 601 3792 atque
618 3728 734 3780 eandem
752 3729 890 3781 cilicinam
907 3729 1050 3781 manifeste
1068 3729 1173 3795 040404,
1194 3728 1284 3780 veleb
1303 3729 1355 3778 1400
1366 3727 1458 3778 solum
1473 3734 1580 3782 0040400
1685 3731 1686 3802 ᾗ

233 3828 342 3880 quoque
360 3827 414 3864 non
428 3815 519 3864 minus
532 3827 612 3879 quam
631 3827 730 3865 novem
749 3815 810 3866 41100
828 3816 1053 3868 condemnandae
1072 3819 1144 3866 sunt.
1157 3843 1193 3852 -
1205 3814 1308 3866 Deinde
1320 3813 1356 3865 ad
1369 3815 1580 3880 inscriptionum

233 3901 353 3964 ipsarum
372 3899 492 3950 indolem
506 3900 713 3951 examinandam
733 3913 893 3966 progressus
911 3915 981 3953 sum.
1024 3901 1130 3961 Quibus
1147 3902 1304 3966 compositis
1323 3902 1349 3950 et
1366 3901 1438 3950 40404
1456 3915 1486 3952 00
1504 3915 1581 3953 0040-

234 3986 335 4052 paratis
360 3985 479 4035 intellexi
500 3999 555 4036 una
579 3989 690 4049 0400040
710 4000 737 4036 n.
753 3985 785 4034 i*
804 3987 868 4048 1401,
895 4001 965 4052 0000
990 3988 1048 4052 1000
1077 3991 1168 4053 000010
1192 3991 1303 4038 externa
1327 3984 1453 4036 iraudem
1477 3988 1578 4052 prodit,
1685 3999 1686 4038 ζ

233 4071 336 4122 nuliam
355 4072 381 4120 in
396 4071 512 4135 genuina
529 4072 627 4136 glande
646 4071 785 4136 hucusque
804 4073 911 4137 lectam,
933 4073 1089 4138 complures
1107 4077 1198 4124 autem
1217 4074 1252 4123 iia
1271 4075 1443 4136 comparatas
1461 4086 1528 4136 esse,
1548 4079 1581 4125 ut
1685 4109 1686 4112 =

233 4170 283 4223 per
294 4171 324 4210 00
341 4171 477 4209 summam
490 4159 671 4224 suspicionem
686 4163 826 4210 moverent
837 4160 880 4210 vel
899 4173 1012 4226 prorsus
1027 4161 1199 4212 damnandae
1217 4162 1317 4211 essent.
1354 4156 1503 4208 Videamus
1521 4160 1580 4210 sin-
1685 4153 1686 4198 5

234 4243 320 4308 gulas.
357 4243 436 4302 Quod
454 4245 482 4294 in
501 4259 528 4295 n.
543 4242 593 4294 ll*
612 4246 713 4307 040404,
740 4245 806 4308 4044,
838 4245 935 4309 legitur
957 4247 1068 4311 quidem
1087 4249 1114 4298 in
1139 4249 1264 4312 genuinis
1288 4244 1397 4304 multis,
1430 4258 1579 4310 numquam
1685 4283 1686 4304 ,

234 4333 325 4380 tamen
344 4341 398 4379 non
421 4329 514 4380 addito
538 4331 695 4382 0000004140
720 4330 778 4394 (seri
796 4332 946 4395 Pompeium
963 4346 990 4386 n.
1007 4337 1036 4394 41,
1061 4334 1113 4397 4044
1131 4335 1185 4384 Ρ40.
1207 4347 1234 4384 0.
1250 4335 1304 4394 iil.
1349 4330 1460 4381 Ceterae
1484 4343 1579 4382 omnes

234 4415 427 4479 inscriptiones
445 4415 536 4466 041400
555 4429 608 4465 000
627 4419 750 4481 repertae
772 4419 905 4468 00040404
930 4419 957 4468 in
976 4421 1026 4486 1440Ι
1043 4418 1245 4484 exemplaribus
1269 4414 1462 4482 singularibus.
1505 4417 1576 4476 Qua-

235 4513 298 4550 rum
310 4501 396 4566 044400
417 4512 442 4548 n.
458 4496 491 4548 i*
510 4501 590 4551 1404440
609 4503 721 4566 40004440
739 4505 781 4552 004
793 4515 826 4552 04
840 4501 905 4554 falsa
918 4504 1033 4554 lectione
1046 4504 1151 4568 glandis
1165 4505 1314 4556 4004410000
1324 4516 1375 4567 040
1399 4513 1480 4558 solor
1509 4507 1577 4568 (side

233 4585 267 4636 04
286 4599 313 4638 0.
330 4590 344 4636 9
363 4599 389 4652 p.
405 4585 458 4648 44).
496 4585 558 4637 Non
577 4587 699 4638 melioris
717 4586 786 4654 irugi
804 4592 846 4640 est
862 4590 957 4655 heptas
975 4591 1054 4642 baec:

389 4688 477 4752 100440)
498 4689 654 4752 14140144004
675 4689 705 4740 i*

388 4775 476 4838 1400404
495 4775 524 4825 ll
539 4776 651 4837 14014400)
670 4774 704 4827 5*

388 4861 454 4924 40040
476 4861 498 4910 V
514 4862 704 4924 4140004004004
720 4867 791 4926 plia)
807 4863 896 4926 4044404
917 4863 948 4910 o*

389 4946 475 5010 400440)
501 4947 727 5010 441440440404914
831 4995 832 5000 ,

388 5033 477 5096 440040)
498 5033 727 5096 4411404404440404
748 5035 795 5084 lt*

390 5119 478 5182 440040)
499 5120 700 5184 4444144400)
721 5119 770 5169 lii

389 5205 479 5268 140040)
500 5205 577 5256 XXX
598 5208 832 5269 44104040440444444
855 5208 900 5256 li*
