3466 5926
318 556 363 627 18
796 569 955 620 suamne
975 569 1179 620 nsovnannu

314 761 453 821 abhorret
481 781 498 820 a
526 765 625 836 specie
651 766 715 822 veri
738 763 910 822 Strabonem
939 765 1034 823 soluta
1060 761 1213 821 obsidione
1235 764 1367 820 Firmana
1394 767 1425 821 in
1446 765 1581 821 Picenum
1601 765 1652 820 ad·

314 867 474 938 portavisse
502 867 622 939 glandes
651 868 731 924 fusas
752 868 839 922 Firmi
868 869 963 938 iisque
991 883 1077 924 usum
1100 882 1166 924 esse
1187 867 1224 923 ad
1246 867 1427 940 Corropolim
1448 866 1649 938 Asculumque.
1708 891 1709 940 l

315 969 389 1026 Sane
425 972 533 1042 opponi
566 975 676 1040 potest,
715 959 794 1042 quod
827 971 960 1027 similiter
987 972 1143 1043 inscriptae
1174 969 1269 1026 adhuc
1298 971 1396 1028 nullae
1424 971 1591 1041 prodierunt
1618 971 1651 1025 ad
1708 1047 1709 1050 Ἴ

314 1075 410 1143 ipsum
440 1073 581 1144 oppidum
603 1073 746 1143 Firmum;
781 1073 834 1130 sed
857 1079 889 1130 ut
910 1076 1093 1131 inveniantur
1114 1073 1159 1128 vel
1182 1074 1461 1143 noninveniantur,
1499 1089 1599 1145 magna
1620 1089 1651 1128 ex
1708 1055 1709 1102 fi

313 1181 396 1246 parte
419 1193 435 1231 a
458 1175 582 1232 fortuitis
604 1175 723 1247 pendet,
750 1175 877 1248 denique
903 1175 1018 1234 obsidio
1040 1177 1087 1232 Illa
1110 1177 1172 1233 lieri
1194 1182 1290 1248 potest
1311 1183 1342 1232 ut
1364 1176 1538 1233 breuissima
1559 1177 1648 1233 inerit.

314 1277 449 1334 Similiter
477 1278 593 1334 delendi
624 1283 720 1349 potest
748 1279 826 1352 quod
856 1279 938 1351 glans
962 1282 1005 1336 sic
1027 1281 1166 1351 inscripta
1188 1285 1305 1350 reperta
1331 1295 1397 1336 esse
1419 1279 1525 1336 dicitur
1545 1280 1580 1336 ud
1601 1280 1651 1334 Ln-

313 1379 412 1448 bioos,
445 1397 623 1453 quamquam
652 1381 849 1454 singularibus
878 1385 941 1440 eius
970 1385 1085 1454 generis
1115 1385 1237 1439 inventis
1260 1398 1364 1456 parum
1384 1382 1571 1440 tribuendum
1592 1397 1651 1438 esse
1708 1401 1709 1458 3

313 1486 431 1541 omnino
448 1499 550 1540 verum
572 1489 625 1542 est.
651 1479 778 1560 Tu.M.]
803 1513 847 1526 —
875 1487 1092 1544 Picoronianam
1122 1487 1389 1558 interpretationem
1417 1477 1562 1563 fiducita)
1588 1487 1651 1540 satis
1708 1461 1709 1508 1

313 1588 367 1643 erit
390 1603 648 1656 commemorasse;
675 1588 833 1660 ilergltiana
855 1596 951 1646 autem
979 1587 1065 1660 (Sodi.
1083 1605 1113 1658 p.
1134 1583 1183 1654 93]
1210 1591 1246 1662 fir
1260 1604 1325 1645 csse
1340 1589 1518 1646 vocabulum
1532 1591 1651 1660 priscum
1708 1609 1709 1614 ¹

313 1689 444 1744 Latinum
474 1705 609 1748 sermone
632 1690 748 1746 militari
770 1698 918 1748 servatum
940 1692 1105 1763 significans
1127 1695 1224 1762 ignem
1247 1698 1276 1748 et
1297 1691 1327 1746 b.
1351 1691 1372 1747 l.
1398 1693 1492 1763 ipsam
1513 1689 1648 1761 glandem,

313 1793 413 1848 nititur
442 1809 509 1848 oum
537 1794 703 1850 coniectura
729 1793 886 1851 admodum
914 1796 1024 1851 incerta
1058 1788 1102 1871 (fir
1123 1816 1167 1842 =
1188 1789 1262 1873 πῦρ,
1299 1801 1446 1850 servatum
1475 1796 1505 1850 in
1534 1795 1602 1866 ectr
1628 1797 1652 1848 et
1708 1771 1709 1776 ἵ

312 1895 464 1968 mompbor
486 1911 533 1966 ap.
559 1896 636 1952 Fest.
662 1913 691 1967 p.
713 1901 751 1954 79
782 1903 811 1953 et
834 1899 902 1969 epit.
928 1915 958 1969 p.
982 1903 1051 1965 ⁴32,
1078 1919 1121 1945 =
1136 1900 1186 1971 ptr
1214 1900 1244 1952 in
1270 1896 1331 1954 tab.
1357 1898 1438 1968 Iguv.
1472 1902 1501 1953 et
1527 1898 1555 1953 in
1576 1897 1652 1968 glun·
1708 1967 1709 1980 ,

313 1992 422 2079 dibus),
455 1992 516 2054 tum
544 1999 783 2069 inscriptionibus
805 2001 952 2071 glandium
974 1999 1052 2056 lalsis
1080 1995 1145 2074 (rra,
1172 2014 1227 2055 rvi
1249 2021 1292 2048 =
1313 1985 1435 2056 ‘tulmen
1456 2002 1477 2056 i.
1504 2017 1531 2056 e.
1557 1985 1647 2071 glans’,
1708 1981 1709 2056 ζ

313 2114 378 2156 svn
407 2117 535 2172 quocum
558 2089 629 2180 πόϊρ
660 2101 814 2160 Simonidis
842 2105 961 2161 contulit
991 2096 1153 2178 Bergkius).
1200 2105 1277 2159 inira
1301 2105 1378 2159 enim
1401 2104 1647 2168 demonstrabitur,
1708 2091 1709 2096 ¹

312 2203 460 2274 glandium
482 2203 661 2261 CLXXXIIII
691 2212 740 2262 aut
774 2203 807 2278 (si
835 2208 1025 2276 inscriptione
1053 2213 1186 2263 carentes
1214 2222 1244 2262 n.
1267 2210 1432 2265 138-112
1465 2213 1493 2263 et
1521 2210 1576 2264 115
1605 2221 1651 2261 eu·
1708 2219 1709 2270 3

313 2299 437 2382 ceperis)
466 2307 626 2364 CLXXVIII
649 2325 665 2363 a
687 2309 808 2380 Bergkio
832 2309 974 2366 editarum
994 2303 1072 2384 [vide
1094 2326 1124 2365 n.
1145 2303 1212 2386 74⁴⁸)
1240 2309 1359 2381 glandes
1381 2325 1504 2367 numero
1527 2308 1649 2366 CLXXII

313 2425 328 2462 a
352 2409 466 2466 falsario
489 2407 632 2467 Asculano
655 2425 749 2482 nuper
770 2413 923 2483 inscriptas
945 2427 1020 2481 esse,
1047 2413 1120 2468 duas
1142 2413 1218 2470 solas
1245 2407 1285 2486 [n.
1308 2417 1364 2470 113
1391 2419 1419 2470 et
1439 2413 1650 2482 111761666-
1708 2433 1709 2490 3

313 2504 478 2587 steinianas[
505 2515 645 2582 genuinas
669 2529 733 2570 csse
761 2507 837 2590 [vide
859 2531 890 2570 u.
912 2508 998 2592 tos).

313 2741 505 2826 7[=Corp.
525 2753 566 2809 IX
588 2771 618 2809 n.
640 2759 733 2824 6086,
753 2750 805 2828 vu]
845 2754 887 2812 Ad
918 2755 993 2812 banc
1024 2770 1142 2827 quoque
1166 2757 1312 2827 pertinent
1333 2771 1408 2826 quae
1431 2756 1469 2812 de
1494 2757 1574 2826 loco,
1606 2756 1650 2811 ubi
1708 2739 1709 2804 ζ

354 2861 468 2925 reperta
491 2857 528 2912 sit
549 2856 632 2928 glans
653 2874 683 2914 u.
706 2863 734 2925 6,
760 2872 899 2916 urntctvs
922 2863 1043 2914 testatur
1070 2851 1117 2932 [ci.
1143 2852 1255 2936 supra).
1708 2867 1709 2878 ²

358 2978 367 3028 1
401 2967 497 3048 [Firmi
527 2977 604 3047 apud
628 2977 669 3032 Do
692 2979 813 3047 Stoicis,
840 2994 919 3034 nunc
941 2977 1078 3035 Perusiae
1105 2978 1184 3049 apud
1213 2981 1348 3036 comitem
1370 2979 1453 3034 Rossi
1477 2977 1575 3048 Scotti,
1605 2977 1649 3033 ubi
1708 2975 1709 3008 ³

397 3071 481 3153 vidi]

356 3183 372 3236 2
401 3171 555 3252 [Bononiae
578 3182 657 3253 apud
681 3181 813 3255 Ulyssem
834 3177 1037 3258 Aldrovandi.]

357 3284 374 3338 3
397 3279 497 3338 Asculi
512 3298 574 3355 rep.
599 3278 636 3360 [a.
660 3289 739 3342 1871
757 3291 854 3358 empta
870 3285 907 3342 ab
923 3303 1025 3342 museo
1041 3285 1139 3343 Ascul.
1159 3279 1307 3362 n.ttao[.
1332 3285 1441 3342 Pendet
1460 3291 1496 3344 tto
1510 3303 1553 3359 gr.

357 3385 372 3439 1
397 3385 474 3455 apud
490 3383 630 3443 Asculum
653 3389 681 3442 in
700 3389 861 3446 Castellano
884 3405 948 3461 rep.
979 3383 1016 3465 [a.
1040 3394 1120 3447 1877
1144 3397 1240 3463 empta
1264 3407 1280 3446 a
1302 3405 1378 3446 mus.
1404 3389 1472 3445 Asc.
1498 3406 1528 3445 n.
1548 3382 1646 3462 82161.
1708 3389 1709 3456 I

397 3488 507 3544 Pendet
532 3493 568 3546 16
593 3505 637 3560 gr.

355 3593 372 3646 b
401 3583 508 3664 [Asculi
531 3593 609 3663 apud
631 3593 831 3649 Venturinium
853 3595 1014 3662 aurificem,
1041 3593 1092 3650 ubi
1114 3613 1140 3650 a.
1165 3599 1244 3652 1877
1267 3589 1352 3668 vidi]

356 3696 372 3744 6
401 3685 533 3766 [Neapoli
555 3695 586 3750 in
608 3709 709 3751 museo
732 3711 762 3750 n.
783 3700 821 3753 to
838 3717 881 3742 =
901 3691 985 3772 178]
1034 3696 1143 3752 Pendet
1168 3700 1241 3764 17,5
1265 3713 1309 3768 gr.

958 3871 1004 3916 titii

313 4039 322 4089 1
353 4035 615 4115 Descripsiaaua.
640 4065 684 4074 -
705 4035 759 4093 Ed.
786 4039 954 4094 neutricia
977 4044 999 4094 t.
1017 4040 1041 4094 II
1064 4055 1093 4095 n.
1115 4045 1131 4096 6
1154 4039 1205 4095 sed
1223 4039 1325 4095 littaris
1341 4037 1520 4110 vrdgarIbuS,
1547 4053 1577 4108 p.
1598 4041 1646 4094 itti

353 4142 382 4192 et
406 4141 465 4194 206
497 4128 574 4211 [inde
598 4135 723 4194 Fabrotti
746 4139 830 4210 Corp.
856 4156 886 4196 n.
908 4145 983 4199 2681
1007 4140 1049 4198 bis
1071 4159 1090 4198 o
1112 4147 1141 4198 et
1164 4158 1231 4198 cum
1253 4143 1377 4213 imagine
1400 4143 1429 4197 in
1452 4140 1598 4198 Glossario
1618 4137 1646 4193 ad

352 4255 381 4292 v.
407 4238 536 4295 Ftrmom
556 4255 587 4309 p.
616 4233 701 4313 183);
740 4241 781 4297 Da
803 4243 915 4298 itiiuicis
945 4245 1010 4298 icor.
1035 4245 1165 4318 sormam
1190 4248 1268 4303 1857
1293 4261 1322 4315 p.
1345 4249 1403 4300 236
1429 4259 1457 4299 n.
1479 4247 1551 4300 870.

313 4347 328 4398 8
352 4341 405 4398 Ed.
431 4341 534 4397 Beroia
557 4343 588 4397 iu
602 4339 778 4400 Aldovrandi
800 4360 920 4402 musaeo
942 4346 1049 4402 metall.
1075 4351 1152 4404 l6t3
1176 4363 1206 4418 p.
1230 4351 1287 4403 176
1311 4347 1387 4416 ligno
1410 4348 1506 4402 minus
1523 4351 1647 4402 accurata
1708 4359 1709 4366 ¹

354 4445 485 4502 incisam.
515 4443 603 4500 Addit
614 4446 716 4501 Bernia
731 4447 850 4504 alterius
861 4447 974 4521 glandis
990 4450 1144 4521 imaginem
1159 4464 1226 4504 cum
1242 4449 1291 4505 tali
1304 4451 1423 4520 vestigio
1440 4464 1459 4504 1.
1494 4449 1537 4504 De
1553 4446 1647 4522 quibus

354 4547 602 4617 quemadmodum
623 4550 788 4606 rettulerint
808 4550 939 4608 Rubbius
963 4553 1163 4624 MinicIusque,
1189 4555 1286 4609 notavi
1307 4568 1373 4624 pag.
1400 4551 1540 4622 praeced.

313 4654 347 4705 3:
373 4649 495 4706 TabVI
515 4655 565 4708 l0.
611 4652 770 4723 Descripsi.

308 4755 323 4809 1
353 4753 518 4822 Descripsi:
554 4767 619 4810 ura,
1167 4809 1169 4815 ,

307 4859 323 4911 5
352 4855 514 4928 Descripsi:
552 4870 617 4914 aru.
665 4857 784 4915 Sincera
807 4875 872 4916 esse
894 4865 998 4932 potest.
1046 4860 1089 4916 Gi.
1115 4859 1149 4916 ad
1175 4859 1261 4916 ialsas
1285 4857 1351 4917 il*.

307 4963 346 5014 6:
373 4958 443 5016 Tab.
458 4959 494 5015 VI
512 4965 541 5018 9.
588 4963 746 5033 Descripsi.
772 4989 815 5000 —
837 4962 890 5018 Ed.
918 4962 1031 5020 Fiorelli
1056 4963 1192 5035 catologo
1216 4981 1245 5036 p.
1271 4967 1319 5018 lt.

396 5079 439 5134 Ile
461 5081 699 5152 interpretatione
722 5081 789 5137 vide
811 5081 847 5137 ad
872 5081 1109 5152 praecedentem.
